%YAML 1.1
%TAG !u! tag:unity3d.com,2011:
--- !u!1 &101206
GameObject:
  m_ObjectHideFlags: 1
  m_PrefabParentObject: {fileID: 0}
  m_PrefabInternal: {fileID: 100100000}
  serializedVersion: 4
  m_Component:
  - 4: {fileID: 494908}
  m_Layer: 10
  m_Name: run_anime06
  m_TagString: Untagged
  m_Icon: {fileID: 0}
  m_NavMeshLayer: 0
  m_StaticEditorFlags: 0
  m_IsActive: 1
--- !u!1 &101634
GameObject:
  m_ObjectHideFlags: 0
  m_PrefabParentObject: {fileID: 0}
  m_PrefabInternal: {fileID: 100100000}
  serializedVersion: 4
  m_Component:
  - 4: {fileID: 474508}
  - 65: {fileID: 6505452}
  - 114: {fileID: 11459738}
  m_Layer: 10
  m_Name: PlayerTrigger
  m_TagString: Untagged
  m_Icon: {fileID: 0}
  m_NavMeshLayer: 0
  m_StaticEditorFlags: 0
  m_IsActive: 1
--- !u!1 &104714
GameObject:
  m_ObjectHideFlags: 1
  m_PrefabParentObject: {fileID: 0}
  m_PrefabInternal: {fileID: 100100000}
  serializedVersion: 4
  m_Component:
  - 4: {fileID: 435942}
  m_Layer: 10
  m_Name: run_anime19
  m_TagString: Untagged
  m_Icon: {fileID: 0}
  m_NavMeshLayer: 0
  m_StaticEditorFlags: 0
  m_IsActive: 1
--- !u!1 &109976
GameObject:
  m_ObjectHideFlags: 1
  m_PrefabParentObject: {fileID: 0}
  m_PrefabInternal: {fileID: 100100000}
  serializedVersion: 4
  m_Component:
  - 4: {fileID: 451882}
  m_Layer: 10
  m_Name: run_anime04
  m_TagString: Untagged
  m_Icon: {fileID: 0}
  m_NavMeshLayer: 0
  m_StaticEditorFlags: 0
  m_IsActive: 1
--- !u!1 &110872
GameObject:
  m_ObjectHideFlags: 1
  m_PrefabParentObject: {fileID: 0}
  m_PrefabInternal: {fileID: 100100000}
  serializedVersion: 4
  m_Component:
  - 4: {fileID: 499104}
  m_Layer: 10
  m_Name: run_anime20
  m_TagString: Untagged
  m_Icon: {fileID: 0}
  m_NavMeshLayer: 0
  m_StaticEditorFlags: 0
  m_IsActive: 1
--- !u!1 &112462
GameObject:
  m_ObjectHideFlags: 1
  m_PrefabParentObject: {fileID: 0}
  m_PrefabInternal: {fileID: 100100000}
  serializedVersion: 4
  m_Component:
  - 4: {fileID: 446736}
  m_Layer: 10
  m_Name: run_anime13
  m_TagString: Untagged
  m_Icon: {fileID: 0}
  m_NavMeshLayer: 0
  m_StaticEditorFlags: 0
  m_IsActive: 1
--- !u!1 &112900
GameObject:
  m_ObjectHideFlags: 1
  m_PrefabParentObject: {fileID: 0}
  m_PrefabInternal: {fileID: 100100000}
  serializedVersion: 4
  m_Component:
  - 4: {fileID: 494098}
  m_Layer: 10
  m_Name: run_anime10
  m_TagString: Untagged
  m_Icon: {fileID: 0}
  m_NavMeshLayer: 0
  m_StaticEditorFlags: 0
  m_IsActive: 1
--- !u!1 &112928
GameObject:
  m_ObjectHideFlags: 1
  m_PrefabParentObject: {fileID: 0}
  m_PrefabInternal: {fileID: 100100000}
  serializedVersion: 4
  m_Component:
  - 4: {fileID: 488614}
  m_Layer: 10
  m_Name: run_anime07
  m_TagString: Untagged
  m_Icon: {fileID: 0}
  m_NavMeshLayer: 0
  m_StaticEditorFlags: 0
  m_IsActive: 1
--- !u!1 &114648
GameObject:
  m_ObjectHideFlags: 1
  m_PrefabParentObject: {fileID: 0}
  m_PrefabInternal: {fileID: 100100000}
  serializedVersion: 4
  m_Component:
  - 4: {fileID: 449604}
  m_Layer: 10
  m_Name: run_anime03
  m_TagString: Untagged
  m_Icon: {fileID: 0}
  m_NavMeshLayer: 0
  m_StaticEditorFlags: 0
  m_IsActive: 1
--- !u!1 &121926
GameObject:
  m_ObjectHideFlags: 1
  m_PrefabParentObject: {fileID: 0}
  m_PrefabInternal: {fileID: 100100000}
  serializedVersion: 4
  m_Component:
  - 4: {fileID: 469344}
  m_Layer: 10
  m_Name: run_anime01
  m_TagString: Untagged
  m_Icon: {fileID: 0}
  m_NavMeshLayer: 0
  m_StaticEditorFlags: 0
  m_IsActive: 1
--- !u!1 &122984
GameObject:
  m_ObjectHideFlags: 1
  m_PrefabParentObject: {fileID: 0}
  m_PrefabInternal: {fileID: 100100000}
  serializedVersion: 4
  m_Component:
  - 4: {fileID: 485276}
  m_Layer: 10
  m_Name: run_anime18
  m_TagString: Untagged
  m_Icon: {fileID: 0}
  m_NavMeshLayer: 0
  m_StaticEditorFlags: 0
  m_IsActive: 1
--- !u!1 &124524
GameObject:
  m_ObjectHideFlags: 1
  m_PrefabParentObject: {fileID: 0}
  m_PrefabInternal: {fileID: 100100000}
  serializedVersion: 4
  m_Component:
  - 4: {fileID: 482806}
  m_Layer: 10
  m_Name: run_anime12
  m_TagString: Untagged
  m_Icon: {fileID: 0}
  m_NavMeshLayer: 0
  m_StaticEditorFlags: 0
  m_IsActive: 1
--- !u!1 &130844
GameObject:
  m_ObjectHideFlags: 1
  m_PrefabParentObject: {fileID: 0}
  m_PrefabInternal: {fileID: 100100000}
  serializedVersion: 4
  m_Component:
  - 4: {fileID: 407370}
  m_Layer: 10
  m_Name: run_anime09
  m_TagString: Untagged
  m_Icon: {fileID: 0}
  m_NavMeshLayer: 0
  m_StaticEditorFlags: 0
  m_IsActive: 1
--- !u!1 &138912
GameObject:
  m_ObjectHideFlags: 1
  m_PrefabParentObject: {fileID: 0}
  m_PrefabInternal: {fileID: 100100000}
  serializedVersion: 4
  m_Component:
  - 4: {fileID: 495322}
  m_Layer: 10
  m_Name: run_anime22
  m_TagString: Untagged
  m_Icon: {fileID: 0}
  m_NavMeshLayer: 0
  m_StaticEditorFlags: 0
  m_IsActive: 1
--- !u!1 &140158
GameObject:
  m_ObjectHideFlags: 1
  m_PrefabParentObject: {fileID: 0}
  m_PrefabInternal: {fileID: 100100000}
  serializedVersion: 4
  m_Component:
  - 4: {fileID: 422600}
  m_Layer: 10
  m_Name: run_anime24
  m_TagString: Untagged
  m_Icon: {fileID: 0}
  m_NavMeshLayer: 0
  m_StaticEditorFlags: 0
  m_IsActive: 1
--- !u!1 &142162
GameObject:
  m_ObjectHideFlags: 1
  m_PrefabParentObject: {fileID: 0}
  m_PrefabInternal: {fileID: 100100000}
  serializedVersion: 4
  m_Component:
  - 4: {fileID: 435846}
  m_Layer: 10
  m_Name: run_anime21
  m_TagString: Untagged
  m_Icon: {fileID: 0}
  m_NavMeshLayer: 0
  m_StaticEditorFlags: 0
  m_IsActive: 1
--- !u!1 &146692
GameObject:
  m_ObjectHideFlags: 1
  m_PrefabParentObject: {fileID: 0}
  m_PrefabInternal: {fileID: 100100000}
  serializedVersion: 4
  m_Component:
  - 4: {fileID: 413244}
  m_Layer: 10
  m_Name: run_anime08
  m_TagString: Untagged
  m_Icon: {fileID: 0}
  m_NavMeshLayer: 0
  m_StaticEditorFlags: 0
  m_IsActive: 1
--- !u!1 &160422
GameObject:
  m_ObjectHideFlags: 1
  m_PrefabParentObject: {fileID: 0}
  m_PrefabInternal: {fileID: 100100000}
  serializedVersion: 4
  m_Component:
  - 4: {fileID: 471064}
  m_Layer: 10
  m_Name: run_anime11
  m_TagString: Untagged
  m_Icon: {fileID: 0}
  m_NavMeshLayer: 0
  m_StaticEditorFlags: 0
  m_IsActive: 1
--- !u!1 &160706
GameObject:
  m_ObjectHideFlags: 1
  m_PrefabParentObject: {fileID: 0}
  m_PrefabInternal: {fileID: 100100000}
  serializedVersion: 4
  m_Component:
  - 4: {fileID: 442234}
  m_Layer: 10
  m_Name: run_anime25
  m_TagString: Untagged
  m_Icon: {fileID: 0}
  m_NavMeshLayer: 0
  m_StaticEditorFlags: 0
  m_IsActive: 1
--- !u!1 &171606
GameObject:
  m_ObjectHideFlags: 0
  m_PrefabParentObject: {fileID: 0}
  m_PrefabInternal: {fileID: 100100000}
  serializedVersion: 4
  m_Component:
  - 4: {fileID: 465136}
  - 95: {fileID: 9578356}
  - 143: {fileID: 14336336}
  - 114: {fileID: 11482588}
  - 114: {fileID: 11409072}
  m_Layer: 10
  m_Name: Player
  m_TagString: Player
  m_Icon: {fileID: 0}
  m_NavMeshLayer: 0
  m_StaticEditorFlags: 0
  m_IsActive: 1
--- !u!1 &177270
GameObject:
  m_ObjectHideFlags: 1
  m_PrefabParentObject: {fileID: 0}
  m_PrefabInternal: {fileID: 100100000}
  serializedVersion: 4
  m_Component:
  - 4: {fileID: 437328}
  m_Layer: 10
  m_Name: run_anime15
  m_TagString: Untagged
  m_Icon: {fileID: 0}
  m_NavMeshLayer: 0
  m_StaticEditorFlags: 0
  m_IsActive: 1
--- !u!1 &179174
GameObject:
  m_ObjectHideFlags: 0
  m_PrefabParentObject: {fileID: 0}
  m_PrefabInternal: {fileID: 100100000}
  serializedVersion: 4
  m_Component:
  - 4: {fileID: 485552}
  m_Layer: 10
  m_Name: run_anime
  m_TagString: Untagged
  m_Icon: {fileID: 0}
  m_NavMeshLayer: 0
  m_StaticEditorFlags: 0
  m_IsActive: 1
--- !u!1 &181088
GameObject:
  m_ObjectHideFlags: 1
  m_PrefabParentObject: {fileID: 0}
  m_PrefabInternal: {fileID: 100100000}
  serializedVersion: 4
  m_Component:
  - 4: {fileID: 482400}
  m_Layer: 10
  m_Name: run_anime17
  m_TagString: Untagged
  m_Icon: {fileID: 0}
  m_NavMeshLayer: 0
  m_StaticEditorFlags: 0
  m_IsActive: 1
--- !u!1 &183878
GameObject:
  m_ObjectHideFlags: 1
  m_PrefabParentObject: {fileID: 0}
  m_PrefabInternal: {fileID: 100100000}
  serializedVersion: 4
  m_Component:
  - 4: {fileID: 457998}
  m_Layer: 10
  m_Name: run_anime14
  m_TagString: Untagged
  m_Icon: {fileID: 0}
  m_NavMeshLayer: 0
  m_StaticEditorFlags: 0
  m_IsActive: 1
--- !u!1 &187734
GameObject:
  m_ObjectHideFlags: 1
  m_PrefabParentObject: {fileID: 0}
  m_PrefabInternal: {fileID: 100100000}
  serializedVersion: 4
  m_Component:
  - 4: {fileID: 479186}
  m_Layer: 10
  m_Name: run_anime23
  m_TagString: Untagged
  m_Icon: {fileID: 0}
  m_NavMeshLayer: 0
  m_StaticEditorFlags: 0
  m_IsActive: 1
--- !u!1 &188248
GameObject:
  m_ObjectHideFlags: 0
  m_PrefabParentObject: {fileID: 0}
  m_PrefabInternal: {fileID: 100100000}
  serializedVersion: 4
  m_Component:
  - 4: {fileID: 456616}
  - 137: {fileID: 13716718}
  m_Layer: 10
  m_Name: run
  m_TagString: Untagged
  m_Icon: {fileID: 0}
  m_NavMeshLayer: 0
  m_StaticEditorFlags: 0
  m_IsActive: 1
--- !u!1 &189476
GameObject:
  m_ObjectHideFlags: 1
  m_PrefabParentObject: {fileID: 0}
  m_PrefabInternal: {fileID: 100100000}
  serializedVersion: 4
  m_Component:
  - 4: {fileID: 474112}
  m_Layer: 10
  m_Name: run_anime05
  m_TagString: Untagged
  m_Icon: {fileID: 0}
  m_NavMeshLayer: 0
  m_StaticEditorFlags: 0
  m_IsActive: 1
--- !u!1 &191632
GameObject:
  m_ObjectHideFlags: 1
  m_PrefabParentObject: {fileID: 0}
  m_PrefabInternal: {fileID: 100100000}
  serializedVersion: 4
  m_Component:
  - 4: {fileID: 458050}
  m_Layer: 10
  m_Name: run_anime02
  m_TagString: Untagged
  m_Icon: {fileID: 0}
  m_NavMeshLayer: 0
  m_StaticEditorFlags: 0
  m_IsActive: 1
--- !u!1 &195820
GameObject:
  m_ObjectHideFlags: 0
  m_PrefabParentObject: {fileID: 0}
  m_PrefabInternal: {fileID: 100100000}
  serializedVersion: 4
  m_Component:
  - 4: {fileID: 476768}
  - 65: {fileID: 6503852}
  m_Layer: 10
  m_Name: OverTrigger
  m_TagString: Untagged
  m_Icon: {fileID: 0}
  m_NavMeshLayer: 0
  m_StaticEditorFlags: 0
  m_IsActive: 1
--- !u!1 &198976
GameObject:
  m_ObjectHideFlags: 1
  m_PrefabParentObject: {fileID: 0}
  m_PrefabInternal: {fileID: 100100000}
  serializedVersion: 4
  m_Component:
  - 4: {fileID: 412114}
  m_Layer: 10
  m_Name: run_anime16
  m_TagString: Untagged
  m_Icon: {fileID: 0}
  m_NavMeshLayer: 0
  m_StaticEditorFlags: 0
  m_IsActive: 1
--- !u!4 &407370
Transform:
  m_ObjectHideFlags: 1
  m_PrefabParentObject: {fileID: 0}
  m_PrefabInternal: {fileID: 100100000}
  m_GameObject: {fileID: 130844}
  m_LocalRotation: {x: 0.000000015454326, y: -0.000000015454306, z: -0.7071068, w: 0.7071068}
  m_LocalPosition: {x: -0.012450914, y: 0.048351627, z: 0}
  m_LocalScale: {x: 1, y: 1, z: 1}
  m_Children: []
  m_Father: {fileID: 482400}
  m_RootOrder: 0
--- !u!4 &412114
Transform:
  m_ObjectHideFlags: 1
  m_PrefabParentObject: {fileID: 0}
  m_PrefabInternal: {fileID: 100100000}
  m_GameObject: {fileID: 198976}
  m_LocalRotation: {x: 0.5727004, y: -0.1788116, z: 0.75059223, w: -0.27686104}
  m_LocalPosition: {x: -0.0002220726, y: 0.000021114349, z: -0.008692086}
  m_LocalScale: {x: 1.0000001, y: 1, z: 1}
  m_Children:
  - {fileID: 499104}
  m_Father: {fileID: 474112}
  m_RootOrder: 1
--- !u!4 &413244
Transform:
  m_ObjectHideFlags: 1
  m_PrefabParentObject: {fileID: 0}
  m_PrefabInternal: {fileID: 100100000}
  m_GameObject: {fileID: 146692}
  m_LocalRotation: {x: -0.26077586, y: -0.043494917, z: 0.15124385, w: 0.9524859}
  m_LocalPosition: {x: -0.026691837, y: 0.000000009536743, z: 0}
  m_LocalScale: {x: 1, y: 0.99999994, z: 1}
  m_Children: []
  m_Father: {fileID: 474112}
  m_RootOrder: 0
--- !u!4 &422600
Transform:
  m_ObjectHideFlags: 1
  m_PrefabParentObject: {fileID: 0}
  m_PrefabInternal: {fileID: 100100000}
  m_GameObject: {fileID: 140158}
  m_LocalRotation: {x: 0.000000010560835, y: -0.00000002897092, z: 0.5722047, w: 0.82011086}
  m_LocalPosition: {x: -0.07205623, y: -0.000000009536743, z: 0}
  m_LocalScale: {x: 0.99999994, y: 1, z: 1}
  m_Children:
  - {fileID: 482400}
  m_Father: {fileID: 471064}
  m_RootOrder: 0
--- !u!4 &435846
Transform:
  m_ObjectHideFlags: 1
  m_PrefabParentObject: {fileID: 0}
  m_PrefabInternal: {fileID: 100100000}
  m_GameObject: {fileID: 142162}
  m_LocalRotation: {x: -0.000000041135927, y: 0.000000009175623, z: 0.53620493, w: 0.84408784}
  m_LocalPosition: {x: -0.058398146, y: 0, z: 0}
  m_LocalScale: {x: 1.0000001, y: 1, z: 1}
  m_Children:
  - {fileID: 479186}
  m_Father: {fileID: 499104}
  m_RootOrder: 0
--- !u!4 &435942
Transform:
  m_ObjectHideFlags: 1
  m_PrefabParentObject: {fileID: 0}
  m_PrefabInternal: {fileID: 100100000}
  m_GameObject: {fileID: 104714}
  m_LocalRotation: {x: 0.88955784, y: -0.0000000064482575, z: 0.000000020062629, w: -0.45682257}
  m_LocalPosition: {x: -0.06609673, y: 0, z: 0}
  m_LocalScale: {x: 1.0000001, y: 1, z: 1.0000001}
  m_Children:
  - {fileID: 437328}
  - {fileID: 442234}
  m_Father: {fileID: 495322}
  m_RootOrder: 0
--- !u!4 &437328
Transform:
  m_ObjectHideFlags: 1
  m_PrefabParentObject: {fileID: 0}
  m_PrefabInternal: {fileID: 100100000}
  m_GameObject: {fileID: 177270}
  m_LocalRotation: {x: -0.00039730774, y: -0.000025813342, z: -0.06482196, w: 0.9978968}
  m_LocalPosition: {x: -0.047148943, y: -0.000000019073486, z: 0.0000000023841857}
  m_LocalScale: {x: 1, y: 0.99999994, z: 0.9999998}
  m_Children: []
  m_Father: {fileID: 435942}
  m_RootOrder: 0
--- !u!4 &442234
Transform:
  m_ObjectHideFlags: 1
  m_PrefabParentObject: {fileID: 0}
  m_PrefabInternal: {fileID: 100100000}
  m_GameObject: {fileID: 160706}
  m_LocalRotation: {x: 0.36019677, y: -0.5417429, z: -0.2757601, w: 0.70762223}
  m_LocalPosition: {x: -0.018940048, y: 0.00762804, z: -0.023684911}
  m_LocalScale: {x: 0.99999994, y: 0.9999999, z: 1}
  m_Children: []
  m_Father: {fileID: 435942}
  m_RootOrder: 1
--- !u!4 &446736
Transform:
  m_ObjectHideFlags: 1
  m_PrefabParentObject: {fileID: 0}
  m_PrefabInternal: {fileID: 100100000}
  m_GameObject: {fileID: 112462}
  m_LocalRotation: {x: 0.0003973142, y: 0.000025797988, z: -0.06482196, w: 0.9978968}
  m_LocalPosition: {x: -0.04714895, y: 0, z: 0.000000019073486}
  m_LocalScale: {x: 1, y: 1, z: 0.99999994}
  m_Children: []
  m_Father: {fileID: 479186}
  m_RootOrder: 0
--- !u!4 &449604
Transform:
  m_ObjectHideFlags: 1
  m_PrefabParentObject: {fileID: 0}
  m_PrefabInternal: {fileID: 100100000}
  m_GameObject: {fileID: 114648}
  m_LocalRotation: {x: 0.20682472, y: 0.971605, z: -0.044493426, w: 0.10596068}
  m_LocalPosition: {x: 0.026952866, y: -0.022680545, z: -0.027834827}
  m_LocalScale: {x: 1, y: 1, z: 1.0000001}
  m_Children:
  - {fileID: 451882}
  m_Father: {fileID: 494908}
  m_RootOrder: 0
--- !u!4 &451882
Transform:
  m_ObjectHideFlags: 1
  m_PrefabParentObject: {fileID: 0}
  m_PrefabInternal: {fileID: 100100000}
  m_GameObject: {fileID: 109976}
  m_LocalRotation: {x: 0.0000000057912932, y: -0.000000009558294, z: 0.5181962, w: 0.85526174}
  m_LocalPosition: {x: -0.07205624, y: 0, z: 0.0000000035762786}
  m_LocalScale: {x: 1.0000001, y: 1.0000001, z: 1}
  m_Children:
  - {fileID: 458050}
  m_Father: {fileID: 449604}
  m_RootOrder: 0
--- !u!4 &456616
Transform:
  m_ObjectHideFlags: 1
  m_PrefabParentObject: {fileID: 0}
  m_PrefabInternal: {fileID: 100100000}
  m_GameObject: {fileID: 188248}
  m_LocalRotation: {x: -0.7071068, y: 0, z: -0, w: 0.7071068}
  m_LocalPosition: {x: 0, y: 0, z: 0}
  m_LocalScale: {x: 1, y: 1, z: 1}
  m_Children: []
  m_Father: {fileID: 465136}
  m_RootOrder: 3
--- !u!4 &457998
Transform:
  m_ObjectHideFlags: 1
  m_PrefabParentObject: {fileID: 0}
  m_PrefabInternal: {fileID: 100100000}
  m_GameObject: {fileID: 183878}
  m_LocalRotation: {x: -0.36019674, y: 0.5417429, z: -0.27576014, w: 0.70762223}
  m_LocalPosition: {x: -0.018940067, y: 0.0076280306, z: 0.02368492}
  m_LocalScale: {x: 1, y: 0.99999994, z: 1}
  m_Children: []
  m_Father: {fileID: 479186}
  m_RootOrder: 1
--- !u!4 &458050
Transform:
  m_ObjectHideFlags: 1
  m_PrefabParentObject: {fileID: 0}
  m_PrefabInternal: {fileID: 100100000}
  m_GameObject: {fileID: 191632}
  m_LocalRotation: {x: 0.09012399, y: 0.02895208, z: -0.15232198, w: 0.9837873}
  m_LocalPosition: {x: -0.041844625, y: -0.0000000047683715, z: -0.0000000023841857}
  m_LocalScale: {x: 1, y: 1, z: 0.9999999}
  m_Children:
  - {fileID: 469344}
  m_Father: {fileID: 451882}
  m_RootOrder: 0
--- !u!4 &465136
Transform:
  m_ObjectHideFlags: 1
  m_PrefabParentObject: {fileID: 0}
  m_PrefabInternal: {fileID: 100100000}
  m_GameObject: {fileID: 171606}
  m_LocalRotation: {x: 0, y: 0, z: 0, w: 1}
  m_LocalPosition: {x: 1.64, y: -1.28, z: 0}
  m_LocalScale: {x: 3.5, y: 3.5, z: 3.5}
  m_Children:
  - {fileID: 474508}
  - {fileID: 476768}
  - {fileID: 485552}
  - {fileID: 456616}
  m_Father: {fileID: 0}
  m_RootOrder: 0
--- !u!4 &469344
Transform:
  m_ObjectHideFlags: 1
  m_PrefabParentObject: {fileID: 0}
  m_PrefabInternal: {fileID: 100100000}
  m_GameObject: {fileID: 121926}
  m_LocalRotation: {x: -0.000000015454297, y: 0.000000015454296, z: -0.7071068, w: 0.7071068}
  m_LocalPosition: {x: -0.012450914, y: 0.048351627, z: 0}
  m_LocalScale: {x: 0.99999994, y: 0.99999994, z: 1}
  m_Children: []
  m_Father: {fileID: 458050}
  m_RootOrder: 0
--- !u!4 &471064
Transform:
  m_ObjectHideFlags: 1
  m_PrefabParentObject: {fileID: 0}
  m_PrefabInternal: {fileID: 100100000}
  m_GameObject: {fileID: 160422}
  m_LocalRotation: {x: -0.61034423, y: 0.7679191, z: -0.0125503605, w: -0.19396566}
  m_LocalPosition: {x: 0.026916645, y: 0.022799648, z: 0.027834827}
  m_LocalScale: {x: 1.0000001, y: 1, z: 1}
  m_Children:
  - {fileID: 422600}
  m_Father: {fileID: 494908}
  m_RootOrder: 2
--- !u!4 &474112
Transform:
  m_ObjectHideFlags: 1
  m_PrefabParentObject: {fileID: 0}
  m_PrefabInternal: {fileID: 100100000}
  m_GameObject: {fileID: 189476}
  m_LocalRotation: {x: -0.001771573, y: -0.012647218, z: -0.13949674, w: 0.9901402}
  m_LocalPosition: {x: -0.06459669, y: -0.000020432472, z: 0}
  m_LocalScale: {x: 0.99999994, y: 0.9999999, z: 0.9999999}
  m_Children:
  - {fileID: 413244}
  - {fileID: 412114}
  - {fileID: 485276}
  m_Father: {fileID: 488614}
  m_RootOrder: 0
--- !u!4 &474508
Transform:
  m_ObjectHideFlags: 1
  m_PrefabParentObject: {fileID: 0}
  m_PrefabInternal: {fileID: 100100000}
  m_GameObject: {fileID: 101634}
  m_LocalRotation: {x: 0, y: 0, z: 0, w: 1}
  m_LocalPosition: {x: 0, y: 0, z: 0.028}
  m_LocalScale: {x: 1, y: 1, z: 1}
  m_Children: []
  m_Father: {fileID: 465136}
  m_RootOrder: 0
--- !u!4 &476768
Transform:
  m_ObjectHideFlags: 1
  m_PrefabParentObject: {fileID: 0}
  m_PrefabInternal: {fileID: 100100000}
  m_GameObject: {fileID: 195820}
  m_LocalRotation: {x: 0, y: 0, z: 0, w: 1}
  m_LocalPosition: {x: 0, y: 0, z: 0}
  m_LocalScale: {x: 1, y: 1, z: 1}
  m_Children: []
  m_Father: {fileID: 465136}
  m_RootOrder: 1
--- !u!4 &479186
Transform:
  m_ObjectHideFlags: 1
  m_PrefabParentObject: {fileID: 0}
  m_PrefabInternal: {fileID: 100100000}
  m_GameObject: {fileID: 187734}
  m_LocalRotation: {x: 0.9034533, y: -0.000000013462503, z: -0.0000000063879266, w: 0.4286865}
  m_LocalPosition: {x: -0.06609669, y: -0.0000000047683715, z: 0}
  m_LocalScale: {x: 1, y: 0.99999994, z: 1}
  m_Children:
  - {fileID: 446736}
  - {fileID: 457998}
  m_Father: {fileID: 435846}
  m_RootOrder: 0
--- !u!4 &482400
Transform:
  m_ObjectHideFlags: 1
  m_PrefabParentObject: {fileID: 0}
  m_PrefabInternal: {fileID: 100100000}
  m_GameObject: {fileID: 181088}
  m_LocalRotation: {x: -0.0030190116, y: -0.16222425, z: -0.3190786, w: 0.9337361}
  m_LocalPosition: {x: -0.04184463, y: -0.0000000047683715, z: -5.9604643e-10}
  m_LocalScale: {x: 1, y: 1, z: 1.0000001}
  m_Children:
  - {fileID: 407370}
  m_Father: {fileID: 422600}
  m_RootOrder: 0
--- !u!4 &482806
Transform:
  m_ObjectHideFlags: 1
  m_PrefabParentObject: {fileID: 0}
  m_PrefabInternal: {fileID: 100100000}
  m_GameObject: {fileID: 124524}
  m_LocalRotation: {x: 0.2746485, y: -0.20469129, z: 0.25180224, w: 0.9051328}
  m_LocalPosition: {x: -0.042178176, y: 0.0000000023841857, z: -0.000000019073486}
  m_LocalScale: {x: 1.0000001, y: 1.0000001, z: 1.0000001}
  m_Children:
  - {fileID: 495322}
  m_Father: {fileID: 485276}
  m_RootOrder: 0
--- !u!4 &485276
Transform:
  m_ObjectHideFlags: 1
  m_PrefabParentObject: {fileID: 0}
  m_PrefabInternal: {fileID: 100100000}
  m_GameObject: {fileID: 122984}
  m_LocalRotation: {x: -0.6233697, y: -0.19091132, z: 0.75812006, w: -0.014733526}
  m_LocalPosition: {x: 0.00022209166, y: 0.000021419524, z: 0.008692083}
  m_LocalScale: {x: 1, y: 1, z: 1}
  m_Children:
  - {fileID: 482806}
  m_Father: {fileID: 474112}
  m_RootOrder: 2
--- !u!4 &485552
Transform:
  m_ObjectHideFlags: 1
  m_PrefabParentObject: {fileID: 0}
  m_PrefabInternal: {fileID: 100100000}
  m_GameObject: {fileID: 179174}
  m_LocalRotation: {x: -0.4461921, y: 0.44619134, z: 0.548555, w: 0.5485556}
  m_LocalPosition: {x: 0, y: 0.09604583, z: -0.022809794}
  m_LocalScale: {x: 1, y: 1, z: 0.99999994}
  m_Children:
  - {fileID: 494098}
  m_Father: {fileID: 465136}
  m_RootOrder: 2
--- !u!4 &488614
Transform:
  m_ObjectHideFlags: 1
  m_PrefabParentObject: {fileID: 0}
  m_PrefabInternal: {fileID: 100100000}
  m_GameObject: {fileID: 112928}
  m_LocalRotation: {x: 0.2134653, y: 0.00688794, z: 0.030729257, w: 0.976443}
  m_LocalPosition: {x: -0.04785323, y: -0.000046648976, z: -0.00002146244}
  m_LocalScale: {x: 1, y: 1.0000001, z: 1}
  m_Children:
  - {fileID: 474112}
  m_Father: {fileID: 494908}
  m_RootOrder: 1
--- !u!4 &494098
Transform:
  m_ObjectHideFlags: 1
  m_PrefabParentObject: {fileID: 0}
  m_PrefabInternal: {fileID: 100100000}
  m_GameObject: {fileID: 112900}
  m_LocalRotation: {x: 0.62079597, y: -0.33854505, z: -0.62079513, w: -0.3385455}
  m_LocalPosition: {x: 0, y: 0, z: 0}
  m_LocalScale: {x: 1.0000001, y: 1, z: 1}
  m_Children:
  - {fileID: 494908}
  m_Father: {fileID: 485552}
  m_RootOrder: 0
--- !u!4 &494908
Transform:
  m_ObjectHideFlags: 1
  m_PrefabParentObject: {fileID: 0}
  m_PrefabInternal: {fileID: 100100000}
  m_GameObject: {fileID: 101206}
  m_LocalRotation: {x: 0.33584264, y: 0.00013437377, z: -0.00037525903, w: 0.9419181}
  m_LocalPosition: {x: -0.026934804, y: -0.000029506682, z: -0.000024068355}
  m_LocalScale: {x: 1.0000001, y: 1, z: 1}
  m_Children:
  - {fileID: 449604}
  - {fileID: 488614}
  - {fileID: 471064}
  m_Father: {fileID: 494098}
  m_RootOrder: 0
--- !u!4 &495322
Transform:
  m_ObjectHideFlags: 1
  m_PrefabParentObject: {fileID: 0}
  m_PrefabInternal: {fileID: 100100000}
  m_GameObject: {fileID: 138912}
  m_LocalRotation: {x: 2.3009407e-11, y: -0.000000014901145, z: 0.0015441349, w: 0.9999988}
  m_LocalPosition: {x: -0.05839815, y: 0.000000009536743, z: 0}
  m_LocalScale: {x: 0.9999999, y: 0.9999999, z: 0.99999994}
  m_Children:
  - {fileID: 435942}
  m_Father: {fileID: 482806}
  m_RootOrder: 0
--- !u!4 &499104
Transform:
  m_ObjectHideFlags: 1
  m_PrefabParentObject: {fileID: 0}
  m_PrefabInternal: {fileID: 100100000}
  m_GameObject: {fileID: 110872}
  m_LocalRotation: {x: 0.41837353, y: -0.057283103, z: 0.04851269, w: 0.9051678}
  m_LocalPosition: {x: -0.04217818, y: 0.0000000035762786, z: 0}
  m_LocalScale: {x: 0.99999994, y: 0.9999999, z: 0.99999994}
  m_Children:
  - {fileID: 435846}
  m_Father: {fileID: 412114}
  m_RootOrder: 0
--- !u!65 &6503852
BoxCollider:
  m_ObjectHideFlags: 1
  m_PrefabParentObject: {fileID: 0}
  m_PrefabInternal: {fileID: 100100000}
  m_GameObject: {fileID: 195820}
  m_Material: {fileID: 0}
  m_IsTrigger: 1
  m_Enabled: 1
  serializedVersion: 2
  m_Size: {x: 0.14278603, y: 0.03877473, z: 0.179551}
  m_Center: {x: 0.004157096, y: 0.41367984, z: 0.016845942}
--- !u!65 &6505452
BoxCollider:
  m_ObjectHideFlags: 1
  m_PrefabParentObject: {fileID: 0}
  m_PrefabInternal: {fileID: 100100000}
  m_GameObject: {fileID: 101634}
  m_Material: {fileID: 0}
  m_IsTrigger: 1
  m_Enabled: 1
  serializedVersion: 2
  m_Size: {x: 0.16059628, y: 0.08803125, z: 0.24415497}
  m_Center: {x: 0.028180575, y: 0.18913253, z: -0.048851587}
--- !u!95 &9578356
Animator:
  serializedVersion: 3
  m_ObjectHideFlags: 1
  m_PrefabParentObject: {fileID: 0}
  m_PrefabInternal: {fileID: 100100000}
  m_GameObject: {fileID: 171606}
  m_Enabled: 1
  m_Avatar: {fileID: 9000000, guid: a30db85e78ae7e9438d8596dc2ba5ccc, type: 3}
  m_Controller: {fileID: 9100000, guid: a51d7782433c20245b923c1679adf145, type: 2}
  m_CullingMode: 1
  m_UpdateMode: 0
  m_ApplyRootMotion: 1
  m_LinearVelocityBlending: 0
  m_WarningMessage: 
  m_HasTransformHierarchy: 1
  m_AllowConstantClipSamplingOptimization: 1
--- !u!114 &11409072
MonoBehaviour:
  m_ObjectHideFlags: 1
  m_PrefabParentObject: {fileID: 0}
  m_PrefabInternal: {fileID: 100100000}
  m_GameObject: {fileID: 171606}
  m_Enabled: 1
  m_EditorHideFlags: 0
  m_Script: {fileID: 11500000, guid: da436f5adc2f8394e941683aa886ca09, type: 3}
  m_Name: 
  m_EditorClassIdentifier: 
  m_camera: {fileID: 0}
  m_hitTime: 1
  m_distance: 1
--- !u!114 &11459738
MonoBehaviour:
  m_ObjectHideFlags: 1
  m_PrefabParentObject: {fileID: 0}
  m_PrefabInternal: {fileID: 100100000}
  m_GameObject: {fileID: 101634}
  m_Enabled: 1
  m_EditorHideFlags: 0
  m_Script: {fileID: 11500000, guid: f93d76e4fc78ddb4aad0a9ae74caca03, type: 3}
  m_Name: 
  m_EditorClassIdentifier: 
  theDebug: 1
  parentGameObject: {fileID: 171606}
--- !u!114 &11482588
MonoBehaviour:
  m_ObjectHideFlags: 1
  m_PrefabParentObject: {fileID: 0}
  m_PrefabInternal: {fileID: 100100000}
  m_GameObject: {fileID: 171606}
  m_Enabled: 1
  m_EditorHideFlags: 0
  m_Script: {fileID: 11500000, guid: cb58aab2a7c271b4291ab209ada599a1, type: 3}
  m_Name: 
  m_EditorClassIdentifier: 
  duration: 0
  positionZ: 0
  speed: 10
  rotationSpeed: 10
  gravity: 9.80665
  point: 0
  deadCount: 0
  materialList:
  - {fileID: 2100000, guid: abacc34a5de79d649b526d3fa34f0701, type: 2}
  - {fileID: 2100000, guid: 455c63a1d4bc5674a80a897f8d980786, type: 2}
  - {fileID: 2100000, guid: ef06a2cf4d62ae548b182933d416ade9, type: 2}
  - {fileID: 2100000, guid: abd829fedc362674d8728a6c3d9d5d2a, type: 2}
  usedBombCount: 0
  usedWideBombCount: 0
  usedVerticalBombCount: 0
  destractEffectPrefab: {fileID: 158344, guid: 99adb757ca0e14d488b2561950b1ae9e, type: 2}
--- !u!137 &13716718
SkinnedMeshRenderer:
  m_ObjectHideFlags: 1
  m_PrefabParentObject: {fileID: 0}
  m_PrefabInternal: {fileID: 100100000}
  m_GameObject: {fileID: 188248}
  m_Enabled: 1
  m_CastShadows: 1
  m_ReceiveShadows: 1
  m_Materials:
  - {fileID: 2100000, guid: 9c51ce125fe7b1f4fa4c8eb47a82e76c, type: 2}
  m_SubsetIndices: 
  m_StaticBatchRoot: {fileID: 0}
  m_UseLightProbes: 1
  m_ReflectionProbeUsage: 1
  m_ProbeAnchor: {fileID: 0}
  m_ScaleInLightmap: 1
  m_PreserveUVs: 0
  m_IgnoreNormalsForChartDetection: 0
  m_ImportantGI: 0
  m_MinimumChartSize: 4
  m_AutoUVMaxDistance: 0.5
  m_AutoUVMaxAngle: 89
  m_LightmapParameters: {fileID: 0}
  m_SortingLayerID: 0
  m_SortingOrder: 0
  serializedVersion: 2
  m_Quality: 0
  m_UpdateWhenOffscreen: 0
  m_Mesh: {fileID: 4300000, guid: a30db85e78ae7e9438d8596dc2ba5ccc, type: 3}
  m_Bones:
  - {fileID: 413244}
  - {fileID: 499104}
  - {fileID: 412114}
  - {fileID: 488614}
  - {fileID: 449604}
  - {fileID: 494098}
  - {fileID: 485552}
  - {fileID: 494908}
  - {fileID: 435846}
  - {fileID: 471064}
  - {fileID: 479186}
  - {fileID: 446736}
  - {fileID: 457998}
  - {fileID: 458050}
  - {fileID: 485276}
  - {fileID: 474112}
  - {fileID: 482806}
  - {fileID: 495322}
  - {fileID: 435942}
  - {fileID: 437328}
  - {fileID: 482400}
  - {fileID: 442234}
  - {fileID: 451882}
  - {fileID: 422600}
  m_BlendShapeWeights: []
  m_RootBone: {fileID: 485552}
  m_AABB:
    m_Center: {x: -0.014905103, y: 0.024716042, z: 0.12903479}
    m_Extent: {x: 0.19051105, y: 0.17388558, z: 0.24289763}
  m_DirtyAABB: 0
--- !u!143 &14336336
CharacterController:
  m_ObjectHideFlags: 1
  m_PrefabParentObject: {fileID: 0}
  m_PrefabInternal: {fileID: 100100000}
  m_GameObject: {fileID: 171606}
  m_Material: {fileID: 0}
  m_IsTrigger: 0
  m_Enabled: 1
  serializedVersion: 2
  m_Height: 0.4
  m_Radius: 0.1
  m_SlopeLimit: 45
  m_StepOffset: 0.3
  m_SkinWidth: 0.08
  m_MinMoveDistance: 0.001
  m_Center: {x: 0, y: 0.25, z: 0}
--- !u!1001 &100100000
Prefab:
  m_ObjectHideFlags: 1
  serializedVersion: 2
  m_Modification:
    m_TransformParent: {fileID: 0}
    m_Modifications:
    - target: {fileID: 0}
      propertyPath: parentGameObject
      value: 
      objectReference: {fileID: 171606}
    - target: {fileID: 0}
      propertyPath: positionZ
      value: 0
      objectReference: {fileID: 0}
    - target: {fileID: 0}
      propertyPath: m_Enabled
      value: 1
      objectReference: {fileID: 0}
    - target: {fileID: 0}
      propertyPath: destractEffectPrefab
      value: 
      objectReference: {fileID: 158344, guid: 99adb757ca0e14d488b2561950b1ae9e, type: 2}
    m_RemovedComponents: []
  m_ParentPrefab: {fileID: 0}
  m_RootGameObject: {fileID: 171606}
  m_IsPrefabParent: 1
