%YAML 1.1
%TAG !u! tag:unity3d.com,2011:
--- !u!29 &1
SceneSettings:
  m_ObjectHideFlags: 0
  m_PVSData: 
  m_PVSObjectsArray: []
  m_PVSPortalsArray: []
  m_OcclusionBakeSettings:
    smallestOccluder: 5
    smallestHole: 0.25
    backfaceThreshold: 100
--- !u!104 &2
RenderSettings:
  m_ObjectHideFlags: 0
  serializedVersion: 6
  m_Fog: 0
  m_FogColor: {r: 0.5, g: 0.5, b: 0.5, a: 1}
  m_FogMode: 3
  m_FogDensity: 0.01
  m_LinearFogStart: 0
  m_LinearFogEnd: 300
  m_AmbientSkyColor: {r: 0.212, g: 0.227, b: 0.259, a: 1}
  m_AmbientEquatorColor: {r: 0.114, g: 0.125, b: 0.133, a: 1}
  m_AmbientGroundColor: {r: 0.047, g: 0.043, b: 0.035, a: 1}
  m_AmbientIntensity: 1
  m_AmbientMode: 0
  m_SkyboxMaterial: {fileID: 10304, guid: 0000000000000000f000000000000000, type: 0}
  m_HaloStrength: 0.5
  m_FlareStrength: 1
  m_FlareFadeSpeed: 3
  m_HaloTexture: {fileID: 0}
  m_SpotCookie: {fileID: 10001, guid: 0000000000000000e000000000000000, type: 0}
  m_DefaultReflectionMode: 0
  m_DefaultReflectionResolution: 128
  m_ReflectionBounces: 1
  m_ReflectionIntensity: 1
  m_CustomReflection: {fileID: 0}
  m_Sun: {fileID: 0}
--- !u!157 &3
LightmapSettings:
  m_ObjectHideFlags: 0
  serializedVersion: 6
  m_GIWorkflowMode: 0
  m_LightmapsMode: 1
  m_GISettings:
    serializedVersion: 2
    m_BounceScale: 1
    m_IndirectOutputScale: 1
    m_AlbedoBoost: 1
    m_TemporalCoherenceThreshold: 1
    m_EnvironmentLightingMode: 0
    m_EnableBakedLightmaps: 1
    m_EnableRealtimeLightmaps: 1
  m_LightmapEditorSettings:
    serializedVersion: 3
    m_Resolution: 2
    m_BakeResolution: 40
    m_TextureWidth: 1024
    m_TextureHeight: 1024
    m_AOMaxDistance: 1
    m_Padding: 2
    m_CompAOExponent: 0
    m_LightmapParameters: {fileID: 0}
    m_TextureCompression: 1
    m_FinalGather: 0
    m_FinalGatherRayCount: 1024
    m_ReflectionCompression: 2
  m_LightingDataAsset: {fileID: 0}
  m_RuntimeCPUUsage: 25
--- !u!196 &4
NavMeshSettings:
  serializedVersion: 2
  m_ObjectHideFlags: 0
  m_BuildSettings:
    serializedVersion: 2
    agentRadius: 0.5
    agentHeight: 2
    agentSlope: 45
    agentClimb: 0.4
    ledgeDropHeight: 0
    maxJumpAcrossDistance: 0
    accuratePlacement: 0
    minRegionArea: 2
    cellSize: 0.16666667
    manualCellSize: 0
  m_NavMeshData: {fileID: 0}
--- !u!1 &23392630
GameObject:
  m_ObjectHideFlags: 0
  m_PrefabParentObject: {fileID: 0}
  m_PrefabInternal: {fileID: 0}
  serializedVersion: 4
  m_Component:
  - 224: {fileID: 23392634}
  - 223: {fileID: 23392633}
  - 114: {fileID: 23392632}
  - 114: {fileID: 23392631}
  - 114: {fileID: 23392635}
  m_Layer: 5
  m_Name: Canvas_BackGround
  m_TagString: Untagged
  m_Icon: {fileID: 0}
  m_NavMeshLayer: 0
  m_StaticEditorFlags: 0
  m_IsActive: 1
--- !u!114 &23392631
MonoBehaviour:
  m_ObjectHideFlags: 0
  m_PrefabParentObject: {fileID: 0}
  m_PrefabInternal: {fileID: 0}
  m_GameObject: {fileID: 23392630}
  m_Enabled: 1
  m_EditorHideFlags: 0
  m_Script: {fileID: 1301386320, guid: f5f67c52d1564df4a8936ccd202a3bd8, type: 3}
  m_Name: 
  m_EditorClassIdentifier: 
  m_IgnoreReversedGraphics: 1
  m_BlockingObjects: 0
  m_BlockingMask:
    serializedVersion: 2
    m_Bits: 4294967295
--- !u!114 &23392632
MonoBehaviour:
  m_ObjectHideFlags: 0
  m_PrefabParentObject: {fileID: 0}
  m_PrefabInternal: {fileID: 0}
  m_GameObject: {fileID: 23392630}
  m_Enabled: 1
  m_EditorHideFlags: 0
  m_Script: {fileID: 1980459831, guid: f5f67c52d1564df4a8936ccd202a3bd8, type: 3}
  m_Name: 
  m_EditorClassIdentifier: 
  m_UiScaleMode: 0
  m_ReferencePixelsPerUnit: 100
  m_ScaleFactor: 1
  m_ReferenceResolution: {x: 800, y: 600}
  m_ScreenMatchMode: 0
  m_MatchWidthOrHeight: 0
  m_PhysicalUnit: 3
  m_FallbackScreenDPI: 96
  m_DefaultSpriteDPI: 96
  m_DynamicPixelsPerUnit: 1
--- !u!223 &23392633
Canvas:
  m_ObjectHideFlags: 0
  m_PrefabParentObject: {fileID: 0}
  m_PrefabInternal: {fileID: 0}
  m_GameObject: {fileID: 23392630}
  m_Enabled: 1
  serializedVersion: 2
  m_RenderMode: 1
  m_Camera: {fileID: 669717948}
  m_PlaneDistance: 20
  m_PixelPerfect: 1
  m_ReceivesEvents: 1
  m_OverrideSorting: 0
  m_OverridePixelPerfect: 0
  m_SortingLayerID: 0
  m_SortingOrder: 0
  m_TargetDisplay: 0
--- !u!224 &23392634
RectTransform:
  m_ObjectHideFlags: 0
  m_PrefabParentObject: {fileID: 0}
  m_PrefabInternal: {fileID: 0}
  m_GameObject: {fileID: 23392630}
  m_LocalRotation: {x: 0, y: 0, z: 0, w: 1}
  m_LocalPosition: {x: 0, y: 0, z: 0}
  m_LocalScale: {x: 0, y: 0, z: 0}
  m_Children:
  - {fileID: 1708339976}
  m_Father: {fileID: 0}
  m_RootOrder: 4
  m_AnchorMin: {x: 0, y: 0}
  m_AnchorMax: {x: 0, y: 0}
  m_AnchoredPosition: {x: 0, y: 0}
  m_SizeDelta: {x: 0, y: 0}
  m_Pivot: {x: 0, y: 0}
--- !u!114 &23392635
MonoBehaviour:
  m_ObjectHideFlags: 0
  m_PrefabParentObject: {fileID: 0}
  m_PrefabInternal: {fileID: 0}
  m_GameObject: {fileID: 23392630}
  m_Enabled: 1
  m_EditorHideFlags: 0
  m_Script: {fileID: 11500000, guid: b376c93b3c8593546a5f7bbfca43b595, type: 3}
  m_Name: 
  m_EditorClassIdentifier: 
  m_distance: 20
--- !u!1 &108767787
GameObject:
  m_ObjectHideFlags: 0
  m_PrefabParentObject: {fileID: 179780, guid: 6d9fe4376ad82ed448058eb86e35a80f, type: 2}
  m_PrefabInternal: {fileID: 0}
  serializedVersion: 4
  m_Component:
  - 224: {fileID: 108767788}
  - 222: {fileID: 108767791}
  - 114: {fileID: 108767790}
  - 114: {fileID: 108767789}
  m_Layer: 0
  m_Name: Image_Manual
  m_TagString: Untagged
  m_Icon: {fileID: 0}
  m_NavMeshLayer: 0
  m_StaticEditorFlags: 0
  m_IsActive: 1
--- !u!224 &108767788
RectTransform:
  m_ObjectHideFlags: 0
  m_PrefabParentObject: {fileID: 22404174, guid: 6d9fe4376ad82ed448058eb86e35a80f,
    type: 2}
  m_PrefabInternal: {fileID: 0}
  m_GameObject: {fileID: 108767787}
  m_LocalRotation: {x: 0, y: 0, z: 0, w: 1}
  m_LocalPosition: {x: 0, y: 0, z: 0}
  m_LocalScale: {x: 1, y: 1, z: 1}
  m_Children: []
  m_Father: {fileID: 1245490681}
  m_RootOrder: 4
  m_AnchorMin: {x: 0.5, y: 0.5}
  m_AnchorMax: {x: 0.5, y: 0.5}
  m_AnchoredPosition: {x: 240, y: -95.000015}
  m_SizeDelta: {x: 100, y: 100}
  m_Pivot: {x: 0.5, y: 0.5}
--- !u!114 &108767789
MonoBehaviour:
  m_ObjectHideFlags: 0
  m_PrefabParentObject: {fileID: 11402362, guid: 6d9fe4376ad82ed448058eb86e35a80f,
    type: 2}
  m_PrefabInternal: {fileID: 0}
  m_GameObject: {fileID: 108767787}
  m_Enabled: 1
  m_EditorHideFlags: 0
  m_Script: {fileID: 11500000, guid: 7a3942ddf9971374ca88aa9a3e4a2129, type: 3}
  m_Name: 
  m_EditorClassIdentifier: 
  m_scaleTime: 0.1
  m_minScale: {x: 0.9, y: 0.9, z: 0.9}
  m_maxScale: {x: 1.1, y: 1.1, z: 1.1}
--- !u!114 &108767790
MonoBehaviour:
  m_ObjectHideFlags: 0
  m_PrefabParentObject: {fileID: 11408152, guid: 6d9fe4376ad82ed448058eb86e35a80f,
    type: 2}
  m_PrefabInternal: {fileID: 0}
  m_GameObject: {fileID: 108767787}
  m_Enabled: 1
  m_EditorHideFlags: 0
  m_Script: {fileID: -765806418, guid: f5f67c52d1564df4a8936ccd202a3bd8, type: 3}
  m_Name: 
  m_EditorClassIdentifier: 
  m_Material: {fileID: 0}
  m_Color: {r: 1, g: 1, b: 1, a: 1}
  m_RaycastTarget: 1
  m_OnCullStateChanged:
    m_PersistentCalls:
      m_Calls: []
    m_TypeName: UnityEngine.UI.MaskableGraphic+CullStateChangedEvent, UnityEngine.UI,
      Version=1.0.0.0, Culture=neutral, PublicKeyToken=null
  m_Sprite: {fileID: 21300000, guid: 9e171c78a91eefd428d108021a556527, type: 3}
  m_Type: 0
  m_PreserveAspect: 0
  m_FillCenter: 1
  m_FillMethod: 4
  m_FillAmount: 1
  m_FillClockwise: 1
  m_FillOrigin: 0
--- !u!222 &108767791
CanvasRenderer:
  m_ObjectHideFlags: 0
  m_PrefabParentObject: {fileID: 22274950, guid: 6d9fe4376ad82ed448058eb86e35a80f,
    type: 2}
  m_PrefabInternal: {fileID: 0}
  m_GameObject: {fileID: 108767787}
--- !u!1 &139162102
GameObject:
  m_ObjectHideFlags: 0
  m_PrefabParentObject: {fileID: 110144, guid: 6d9fe4376ad82ed448058eb86e35a80f, type: 2}
  m_PrefabInternal: {fileID: 0}
  serializedVersion: 4
  m_Component:
  - 4: {fileID: 139162103}
  m_Layer: 0
  m_Name: Door
  m_TagString: Untagged
  m_Icon: {fileID: 0}
  m_NavMeshLayer: 0
  m_StaticEditorFlags: 0
  m_IsActive: 1
--- !u!4 &139162103
Transform:
  m_ObjectHideFlags: 0
  m_PrefabParentObject: {fileID: 455332, guid: 6d9fe4376ad82ed448058eb86e35a80f, type: 2}
  m_PrefabInternal: {fileID: 0}
  m_GameObject: {fileID: 139162102}
  m_LocalRotation: {x: 0.00000011520229, y: 0.70710695, z: 0.7071066, w: 0.00000011520235}
  m_LocalPosition: {x: -0, y: -0.3333333, z: 0}
  m_LocalScale: {x: 0.33333334, y: 0.33333337, z: 0.33333337}
  m_Children:
  - {fileID: 1725008132}
  - {fileID: 211202584}
  m_Father: {fileID: 666324587}
  m_RootOrder: 0
--- !u!1001 &166478318
Prefab:
  m_ObjectHideFlags: 0
  serializedVersion: 2
  m_Modification:
    m_TransformParent: {fileID: 1245490681}
    m_Modifications:
    - target: {fileID: 11431808, guid: aab62b6f70df54d4e91da7b8c9d83d51, type: 2}
      propertyPath: m_selectedImageArray.Array.size
      value: 4
      objectReference: {fileID: 0}
    - target: {fileID: 22446812, guid: aab62b6f70df54d4e91da7b8c9d83d51, type: 2}
      propertyPath: m_LocalPosition.x
      value: 0
      objectReference: {fileID: 0}
    - target: {fileID: 22446812, guid: aab62b6f70df54d4e91da7b8c9d83d51, type: 2}
      propertyPath: m_LocalPosition.y
      value: 0
      objectReference: {fileID: 0}
    - target: {fileID: 22446812, guid: aab62b6f70df54d4e91da7b8c9d83d51, type: 2}
      propertyPath: m_LocalPosition.z
      value: 549.89996
      objectReference: {fileID: 0}
    - target: {fileID: 22446812, guid: aab62b6f70df54d4e91da7b8c9d83d51, type: 2}
      propertyPath: m_LocalRotation.x
      value: 0
      objectReference: {fileID: 0}
    - target: {fileID: 22446812, guid: aab62b6f70df54d4e91da7b8c9d83d51, type: 2}
      propertyPath: m_LocalRotation.y
      value: 0
      objectReference: {fileID: 0}
    - target: {fileID: 22446812, guid: aab62b6f70df54d4e91da7b8c9d83d51, type: 2}
      propertyPath: m_LocalRotation.z
      value: 0
      objectReference: {fileID: 0}
    - target: {fileID: 22446812, guid: aab62b6f70df54d4e91da7b8c9d83d51, type: 2}
      propertyPath: m_LocalRotation.w
      value: 1
      objectReference: {fileID: 0}
    - target: {fileID: 22446812, guid: aab62b6f70df54d4e91da7b8c9d83d51, type: 2}
      propertyPath: m_RootOrder
      value: 3
      objectReference: {fileID: 0}
    - target: {fileID: 22446812, guid: aab62b6f70df54d4e91da7b8c9d83d51, type: 2}
      propertyPath: m_AnchoredPosition.x
      value: 0
      objectReference: {fileID: 0}
    - target: {fileID: 22446812, guid: aab62b6f70df54d4e91da7b8c9d83d51, type: 2}
      propertyPath: m_AnchoredPosition.y
      value: 100
      objectReference: {fileID: 0}
    - target: {fileID: 22446812, guid: aab62b6f70df54d4e91da7b8c9d83d51, type: 2}
      propertyPath: m_SizeDelta.x
      value: 100
      objectReference: {fileID: 0}
    - target: {fileID: 22446812, guid: aab62b6f70df54d4e91da7b8c9d83d51, type: 2}
      propertyPath: m_SizeDelta.y
      value: 100
      objectReference: {fileID: 0}
    - target: {fileID: 22446812, guid: aab62b6f70df54d4e91da7b8c9d83d51, type: 2}
      propertyPath: m_AnchorMin.x
      value: 0.5
      objectReference: {fileID: 0}
    - target: {fileID: 22446812, guid: aab62b6f70df54d4e91da7b8c9d83d51, type: 2}
      propertyPath: m_AnchorMin.y
      value: 0.5
      objectReference: {fileID: 0}
    - target: {fileID: 22446812, guid: aab62b6f70df54d4e91da7b8c9d83d51, type: 2}
      propertyPath: m_AnchorMax.x
      value: 0.5
      objectReference: {fileID: 0}
    - target: {fileID: 22446812, guid: aab62b6f70df54d4e91da7b8c9d83d51, type: 2}
      propertyPath: m_AnchorMax.y
      value: 0.5
      objectReference: {fileID: 0}
    - target: {fileID: 22446812, guid: aab62b6f70df54d4e91da7b8c9d83d51, type: 2}
      propertyPath: m_Pivot.x
      value: 0.5
      objectReference: {fileID: 0}
    - target: {fileID: 22446812, guid: aab62b6f70df54d4e91da7b8c9d83d51, type: 2}
      propertyPath: m_Pivot.y
      value: 0.5
      objectReference: {fileID: 0}
    - target: {fileID: 22446812, guid: aab62b6f70df54d4e91da7b8c9d83d51, type: 2}
      propertyPath: m_LocalScale.x
      value: 7
      objectReference: {fileID: 0}
    - target: {fileID: 22446812, guid: aab62b6f70df54d4e91da7b8c9d83d51, type: 2}
      propertyPath: m_LocalScale.y
      value: 3
      objectReference: {fileID: 0}
    - target: {fileID: 22446812, guid: aab62b6f70df54d4e91da7b8c9d83d51, type: 2}
      propertyPath: m_LocalScale.z
      value: 61.1
      objectReference: {fileID: 0}
    - target: {fileID: 11431808, guid: aab62b6f70df54d4e91da7b8c9d83d51, type: 2}
      propertyPath: m_selectedImageArray.Array.data[2]
      value: 
      objectReference: {fileID: 21300000, guid: c57f28e7ed3204a438421215b67a9ef5,
        type: 3}
    - target: {fileID: 11431808, guid: aab62b6f70df54d4e91da7b8c9d83d51, type: 2}
      propertyPath: m_selectedImageArray.Array.data[1]
      value: 
      objectReference: {fileID: 21300000, guid: d215a5040d15e56428786f9e82dff551,
        type: 3}
    - target: {fileID: 11431808, guid: aab62b6f70df54d4e91da7b8c9d83d51, type: 2}
      propertyPath: m_selectedImageArray.Array.data[0]
      value: 
      objectReference: {fileID: 21300000, guid: 073b9562863760b4eaaa1d72bf8889dd,
        type: 3}
    - target: {fileID: 11431808, guid: aab62b6f70df54d4e91da7b8c9d83d51, type: 2}
      propertyPath: m_selectedImageArray.Array.data[3]
      value: 
      objectReference: {fileID: 21300000, guid: 716da14a04212a541835478fb6870d1b,
        type: 3}
    - target: {fileID: 11427906, guid: aab62b6f70df54d4e91da7b8c9d83d51, type: 2}
      propertyPath: m_Sprite
      value: 
      objectReference: {fileID: 0}
    m_RemovedComponents: []
  m_ParentPrefab: {fileID: 100100000, guid: aab62b6f70df54d4e91da7b8c9d83d51, type: 2}
  m_IsPrefabParent: 0
--- !u!1 &194942941
GameObject:
  m_ObjectHideFlags: 0
  m_PrefabParentObject: {fileID: 0}
  m_PrefabInternal: {fileID: 0}
  serializedVersion: 4
  m_Component:
  - 4: {fileID: 194942943}
  - 114: {fileID: 194942942}
  m_Layer: 0
  m_Name: GamePause
  m_TagString: Untagged
  m_Icon: {fileID: 0}
  m_NavMeshLayer: 0
  m_StaticEditorFlags: 0
  m_IsActive: 1
--- !u!114 &194942942
MonoBehaviour:
  m_ObjectHideFlags: 0
  m_PrefabParentObject: {fileID: 0}
  m_PrefabInternal: {fileID: 0}
  m_GameObject: {fileID: 194942941}
  m_Enabled: 1
  m_EditorHideFlags: 0
  m_Script: {fileID: 11500000, guid: 044c825aa31f3334f8b58c60815704f7, type: 3}
  m_Name: 
  m_EditorClassIdentifier: 
--- !u!4 &194942943
Transform:
  m_ObjectHideFlags: 0
  m_PrefabParentObject: {fileID: 0}
  m_PrefabInternal: {fileID: 0}
  m_GameObject: {fileID: 194942941}
  m_LocalRotation: {x: 0, y: 0, z: 0, w: 1}
  m_LocalPosition: {x: 0, y: 0, z: 0}
  m_LocalScale: {x: 1, y: 1, z: 1}
  m_Children: []
  m_Father: {fileID: 0}
  m_RootOrder: 2
--- !u!1 &211202583
GameObject:
  m_ObjectHideFlags: 0
  m_PrefabParentObject: {fileID: 198736, guid: 6d9fe4376ad82ed448058eb86e35a80f, type: 2}
  m_PrefabInternal: {fileID: 0}
  serializedVersion: 4
  m_Component:
  - 4: {fileID: 211202584}
  - 33: {fileID: 211202586}
  - 23: {fileID: 211202585}
  m_Layer: 0
  m_Name: LeftDoor
  m_TagString: Untagged
  m_Icon: {fileID: 0}
  m_NavMeshLayer: 0
  m_StaticEditorFlags: 0
  m_IsActive: 1
--- !u!4 &211202584
Transform:
  m_ObjectHideFlags: 0
  m_PrefabParentObject: {fileID: 463654, guid: 6d9fe4376ad82ed448058eb86e35a80f, type: 2}
  m_PrefabInternal: {fileID: 0}
  m_GameObject: {fileID: 211202583}
  m_LocalRotation: {x: 0, y: 1, z: 0, w: -0.00000016292068}
  m_LocalPosition: {x: -0.7, y: 0, z: 0}
  m_LocalScale: {x: 2.5, y: 4.1, z: 4}
  m_Children: []
  m_Father: {fileID: 139162103}
  m_RootOrder: 1
--- !u!23 &211202585
MeshRenderer:
  m_ObjectHideFlags: 0
  m_PrefabParentObject: {fileID: 2320396, guid: 6d9fe4376ad82ed448058eb86e35a80f,
    type: 2}
  m_PrefabInternal: {fileID: 0}
  m_GameObject: {fileID: 211202583}
  m_Enabled: 1
  m_CastShadows: 1
  m_ReceiveShadows: 1
  m_Materials:
  - {fileID: 2100000, guid: 3871eeb0544393145a86c63d9e79b695, type: 2}
  m_SubsetIndices: 
  m_StaticBatchRoot: {fileID: 0}
  m_UseLightProbes: 1
  m_ReflectionProbeUsage: 1
  m_ProbeAnchor: {fileID: 0}
  m_ScaleInLightmap: 1
  m_PreserveUVs: 0
  m_IgnoreNormalsForChartDetection: 0
  m_ImportantGI: 0
  m_MinimumChartSize: 4
  m_AutoUVMaxDistance: 0.5
  m_AutoUVMaxAngle: 89
  m_LightmapParameters: {fileID: 0}
  m_SortingLayerID: 0
  m_SortingOrder: 0
--- !u!33 &211202586
MeshFilter:
  m_ObjectHideFlags: 0
  m_PrefabParentObject: {fileID: 3343828, guid: 6d9fe4376ad82ed448058eb86e35a80f,
    type: 2}
  m_PrefabInternal: {fileID: 0}
  m_GameObject: {fileID: 211202583}
  m_Mesh: {fileID: 4300000, guid: ef9abf79e9a18a44583d21d258953f7b, type: 3}
--- !u!1 &225769822
GameObject:
  m_ObjectHideFlags: 0
  m_PrefabParentObject: {fileID: 144160, guid: 6d9fe4376ad82ed448058eb86e35a80f, type: 2}
  m_PrefabInternal: {fileID: 0}
  serializedVersion: 4
  m_Component:
  - 4: {fileID: 225769823}
  m_Layer: 0
  m_Name: Door
  m_TagString: Untagged
  m_Icon: {fileID: 0}
  m_NavMeshLayer: 0
  m_StaticEditorFlags: 0
  m_IsActive: 1
--- !u!4 &225769823
Transform:
  m_ObjectHideFlags: 0
  m_PrefabParentObject: {fileID: 448200, guid: 6d9fe4376ad82ed448058eb86e35a80f, type: 2}
  m_PrefabInternal: {fileID: 0}
  m_GameObject: {fileID: 225769822}
  m_LocalRotation: {x: 0.00000011520229, y: 0.70710695, z: 0.7071066, w: 0.00000011520235}
  m_LocalPosition: {x: -0, y: -0.3333333, z: 0}
  m_LocalScale: {x: 0.33333334, y: 0.33333337, z: 0.33333337}
  m_Children:
  - {fileID: 1223604672}
  - {fileID: 1716874603}
  m_Father: {fileID: 454068868}
  m_RootOrder: 0
--- !u!1 &454068867
GameObject:
  m_ObjectHideFlags: 0
  m_PrefabParentObject: {fileID: 118848, guid: 6d9fe4376ad82ed448058eb86e35a80f, type: 2}
  m_PrefabInternal: {fileID: 0}
  serializedVersion: 4
  m_Component:
  - 4: {fileID: 454068868}
  - 33: {fileID: 454068870}
  - 23: {fileID: 454068869}
  m_Layer: 0
  m_Name: SelectRoom_Retry
  m_TagString: Untagged
  m_Icon: {fileID: 0}
  m_NavMeshLayer: 0
  m_StaticEditorFlags: 0
  m_IsActive: 1
--- !u!4 &454068868
Transform:
  m_ObjectHideFlags: 0
  m_PrefabParentObject: {fileID: 471990, guid: 6d9fe4376ad82ed448058eb86e35a80f, type: 2}
  m_PrefabInternal: {fileID: 0}
  m_GameObject: {fileID: 454068867}
  m_LocalRotation: {x: -0.00000011520229, y: -0.70710695, z: -0.7071066, w: 0.00000011520235}
  m_LocalPosition: {x: 94.2, y: -270, z: 0}
  m_LocalScale: {x: 180, y: 180, z: 180}
  m_Children:
  - {fileID: 225769823}
  m_Father: {fileID: 1222900185}
  m_RootOrder: 2
--- !u!23 &454068869
MeshRenderer:
  m_ObjectHideFlags: 0
  m_PrefabParentObject: {fileID: 2353590, guid: 6d9fe4376ad82ed448058eb86e35a80f,
    type: 2}
  m_PrefabInternal: {fileID: 0}
  m_GameObject: {fileID: 454068867}
  m_Enabled: 1
  m_CastShadows: 1
  m_ReceiveShadows: 1
  m_Materials:
  - {fileID: 2100000, guid: a9261bf3ac4875343bcd31e75552e0cd, type: 2}
  - {fileID: 2100000, guid: 40c009b7ae7e48249815adc0d2037fa1, type: 2}
  m_SubsetIndices: 
  m_StaticBatchRoot: {fileID: 0}
  m_UseLightProbes: 1
  m_ReflectionProbeUsage: 1
  m_ProbeAnchor: {fileID: 0}
  m_ScaleInLightmap: 1
  m_PreserveUVs: 0
  m_IgnoreNormalsForChartDetection: 0
  m_ImportantGI: 0
  m_MinimumChartSize: 4
  m_AutoUVMaxDistance: 0.5
  m_AutoUVMaxAngle: 89
  m_LightmapParameters: {fileID: 0}
  m_SortingLayerID: 0
  m_SortingOrder: 0
--- !u!33 &454068870
MeshFilter:
  m_ObjectHideFlags: 0
  m_PrefabParentObject: {fileID: 3308218, guid: 6d9fe4376ad82ed448058eb86e35a80f,
    type: 2}
  m_PrefabInternal: {fileID: 0}
  m_GameObject: {fileID: 454068867}
  m_Mesh: {fileID: 4300000, guid: bf58fec8f6df2fd419709cf7852d2654, type: 3}
--- !u!1 &503862913
GameObject:
  m_ObjectHideFlags: 0
  m_PrefabParentObject: {fileID: 109460, guid: 6d9fe4376ad82ed448058eb86e35a80f, type: 2}
  m_PrefabInternal: {fileID: 0}
  serializedVersion: 4
  m_Component:
  - 4: {fileID: 503862914}
  - 33: {fileID: 503862916}
  - 23: {fileID: 503862915}
  m_Layer: 0
  m_Name: LeftDoor
  m_TagString: Untagged
  m_Icon: {fileID: 0}
  m_NavMeshLayer: 0
  m_StaticEditorFlags: 0
  m_IsActive: 1
--- !u!4 &503862914
Transform:
  m_ObjectHideFlags: 0
  m_PrefabParentObject: {fileID: 460742, guid: 6d9fe4376ad82ed448058eb86e35a80f, type: 2}
  m_PrefabInternal: {fileID: 0}
  m_GameObject: {fileID: 503862913}
  m_LocalRotation: {x: 0, y: 1, z: 0, w: -0.00000016292068}
  m_LocalPosition: {x: -0.7, y: 0, z: 0}
  m_LocalScale: {x: 2.5, y: 4.1, z: 4}
  m_Children: []
  m_Father: {fileID: 661411451}
  m_RootOrder: 1
--- !u!23 &503862915
MeshRenderer:
  m_ObjectHideFlags: 0
  m_PrefabParentObject: {fileID: 2387588, guid: 6d9fe4376ad82ed448058eb86e35a80f,
    type: 2}
  m_PrefabInternal: {fileID: 0}
  m_GameObject: {fileID: 503862913}
  m_Enabled: 1
  m_CastShadows: 1
  m_ReceiveShadows: 1
  m_Materials:
  - {fileID: 2100000, guid: 3871eeb0544393145a86c63d9e79b695, type: 2}
  m_SubsetIndices: 
  m_StaticBatchRoot: {fileID: 0}
  m_UseLightProbes: 1
  m_ReflectionProbeUsage: 1
  m_ProbeAnchor: {fileID: 0}
  m_ScaleInLightmap: 1
  m_PreserveUVs: 0
  m_IgnoreNormalsForChartDetection: 0
  m_ImportantGI: 0
  m_MinimumChartSize: 4
  m_AutoUVMaxDistance: 0.5
  m_AutoUVMaxAngle: 89
  m_LightmapParameters: {fileID: 0}
  m_SortingLayerID: 0
  m_SortingOrder: 0
--- !u!33 &503862916
MeshFilter:
  m_ObjectHideFlags: 0
  m_PrefabParentObject: {fileID: 3358664, guid: 6d9fe4376ad82ed448058eb86e35a80f,
    type: 2}
  m_PrefabInternal: {fileID: 0}
  m_GameObject: {fileID: 503862913}
  m_Mesh: {fileID: 4300000, guid: ef9abf79e9a18a44583d21d258953f7b, type: 3}
--- !u!1 &645401172
GameObject:
  m_ObjectHideFlags: 0
  m_PrefabParentObject: {fileID: 142704, guid: 6d9fe4376ad82ed448058eb86e35a80f, type: 2}
  m_PrefabInternal: {fileID: 0}
  serializedVersion: 4
  m_Component:
  - 4: {fileID: 645401173}
  - 33: {fileID: 645401175}
  - 23: {fileID: 645401174}
  m_Layer: 0
  m_Name: RightDoor
  m_TagString: Untagged
  m_Icon: {fileID: 0}
  m_NavMeshLayer: 0
  m_StaticEditorFlags: 0
  m_IsActive: 1
--- !u!4 &645401173
Transform:
  m_ObjectHideFlags: 0
  m_PrefabParentObject: {fileID: 418122, guid: 6d9fe4376ad82ed448058eb86e35a80f, type: 2}
  m_PrefabInternal: {fileID: 0}
  m_GameObject: {fileID: 645401172}
  m_LocalRotation: {x: 0, y: 1, z: 0, w: -0.00000016292068}
  m_LocalPosition: {x: 0.7, y: 0, z: 0}
  m_LocalScale: {x: -2.5, y: 4.1, z: 4}
  m_Children: []
  m_Father: {fileID: 962061426}
  m_RootOrder: 0
--- !u!23 &645401174
MeshRenderer:
  m_ObjectHideFlags: 0
  m_PrefabParentObject: {fileID: 2348578, guid: 6d9fe4376ad82ed448058eb86e35a80f,
    type: 2}
  m_PrefabInternal: {fileID: 0}
  m_GameObject: {fileID: 645401172}
  m_Enabled: 1
  m_CastShadows: 1
  m_ReceiveShadows: 1
  m_Materials:
  - {fileID: 2100000, guid: 3871eeb0544393145a86c63d9e79b695, type: 2}
  m_SubsetIndices: 
  m_StaticBatchRoot: {fileID: 0}
  m_UseLightProbes: 1
  m_ReflectionProbeUsage: 1
  m_ProbeAnchor: {fileID: 0}
  m_ScaleInLightmap: 1
  m_PreserveUVs: 0
  m_IgnoreNormalsForChartDetection: 0
  m_ImportantGI: 0
  m_MinimumChartSize: 4
  m_AutoUVMaxDistance: 0.5
  m_AutoUVMaxAngle: 89
  m_LightmapParameters: {fileID: 0}
  m_SortingLayerID: 0
  m_SortingOrder: 0
--- !u!33 &645401175
MeshFilter:
  m_ObjectHideFlags: 0
  m_PrefabParentObject: {fileID: 3359330, guid: 6d9fe4376ad82ed448058eb86e35a80f,
    type: 2}
  m_PrefabInternal: {fileID: 0}
  m_GameObject: {fileID: 645401172}
  m_Mesh: {fileID: 4300000, guid: ef9abf79e9a18a44583d21d258953f7b, type: 3}
--- !u!1 &661411450
GameObject:
  m_ObjectHideFlags: 0
  m_PrefabParentObject: {fileID: 166934, guid: 6d9fe4376ad82ed448058eb86e35a80f, type: 2}
  m_PrefabInternal: {fileID: 0}
  serializedVersion: 4
  m_Component:
  - 4: {fileID: 661411451}
  m_Layer: 0
  m_Name: Door
  m_TagString: Untagged
  m_Icon: {fileID: 0}
  m_NavMeshLayer: 0
  m_StaticEditorFlags: 0
  m_IsActive: 1
--- !u!4 &661411451
Transform:
  m_ObjectHideFlags: 0
  m_PrefabParentObject: {fileID: 478214, guid: 6d9fe4376ad82ed448058eb86e35a80f, type: 2}
  m_PrefabInternal: {fileID: 0}
  m_GameObject: {fileID: 661411450}
  m_LocalRotation: {x: 0.00000011520229, y: 0.70710695, z: 0.7071066, w: 0.00000011520235}
  m_LocalPosition: {x: -0, y: -0.3333333, z: 0}
  m_LocalScale: {x: 0.33333334, y: 0.33333337, z: 0.33333337}
  m_Children:
  - {fileID: 1962630611}
  - {fileID: 503862914}
  m_Father: {fileID: 984975588}
  m_RootOrder: 0
--- !u!1 &666324586
GameObject:
  m_ObjectHideFlags: 0
  m_PrefabParentObject: {fileID: 109926, guid: 6d9fe4376ad82ed448058eb86e35a80f, type: 2}
  m_PrefabInternal: {fileID: 0}
  serializedVersion: 4
  m_Component:
  - 4: {fileID: 666324587}
  - 33: {fileID: 666324589}
  - 23: {fileID: 666324588}
  m_Layer: 0
  m_Name: SelectRoom_Title
  m_TagString: Untagged
  m_Icon: {fileID: 0}
  m_NavMeshLayer: 0
  m_StaticEditorFlags: 0
  m_IsActive: 1
--- !u!4 &666324587
Transform:
  m_ObjectHideFlags: 0
  m_PrefabParentObject: {fileID: 485004, guid: 6d9fe4376ad82ed448058eb86e35a80f, type: 2}
  m_PrefabInternal: {fileID: 0}
  m_GameObject: {fileID: 666324586}
  m_LocalRotation: {x: -0.00000011520229, y: -0.70710695, z: -0.7071066, w: 0.00000011520235}
  m_LocalPosition: {x: -210, y: -270, z: 0}
  m_LocalScale: {x: 180, y: 180, z: 180}
  m_Children:
  - {fileID: 139162103}
  m_Father: {fileID: 1222900185}
  m_RootOrder: 0
--- !u!23 &666324588
MeshRenderer:
  m_ObjectHideFlags: 0
  m_PrefabParentObject: {fileID: 2341714, guid: 6d9fe4376ad82ed448058eb86e35a80f,
    type: 2}
  m_PrefabInternal: {fileID: 0}
  m_GameObject: {fileID: 666324586}
  m_Enabled: 1
  m_CastShadows: 1
  m_ReceiveShadows: 1
  m_Materials:
  - {fileID: 2100000, guid: a9261bf3ac4875343bcd31e75552e0cd, type: 2}
  - {fileID: 2100000, guid: 40c009b7ae7e48249815adc0d2037fa1, type: 2}
  m_SubsetIndices: 
  m_StaticBatchRoot: {fileID: 0}
  m_UseLightProbes: 1
  m_ReflectionProbeUsage: 1
  m_ProbeAnchor: {fileID: 0}
  m_ScaleInLightmap: 1
  m_PreserveUVs: 0
  m_IgnoreNormalsForChartDetection: 0
  m_ImportantGI: 0
  m_MinimumChartSize: 4
  m_AutoUVMaxDistance: 0.5
  m_AutoUVMaxAngle: 89
  m_LightmapParameters: {fileID: 0}
  m_SortingLayerID: 0
  m_SortingOrder: 0
--- !u!33 &666324589
MeshFilter:
  m_ObjectHideFlags: 0
  m_PrefabParentObject: {fileID: 3377342, guid: 6d9fe4376ad82ed448058eb86e35a80f,
    type: 2}
  m_PrefabInternal: {fileID: 0}
  m_GameObject: {fileID: 666324586}
  m_Mesh: {fileID: 4300000, guid: bf58fec8f6df2fd419709cf7852d2654, type: 3}
--- !u!1 &669717944
GameObject:
  m_ObjectHideFlags: 0
  m_PrefabParentObject: {fileID: 0}
  m_PrefabInternal: {fileID: 0}
  serializedVersion: 4
  m_Component:
  - 4: {fileID: 669717949}
  - 20: {fileID: 669717948}
  - 124: {fileID: 669717947}
  - 92: {fileID: 669717946}
  - 81: {fileID: 669717945}
  m_Layer: 0
  m_Name: Camera
  m_TagString: MainCamera
  m_Icon: {fileID: 0}
  m_NavMeshLayer: 0
  m_StaticEditorFlags: 0
  m_IsActive: 1
--- !u!81 &669717945
AudioListener:
  m_ObjectHideFlags: 0
  m_PrefabParentObject: {fileID: 0}
  m_PrefabInternal: {fileID: 0}
  m_GameObject: {fileID: 669717944}
  m_Enabled: 1
--- !u!92 &669717946
Behaviour:
  m_ObjectHideFlags: 0
  m_PrefabParentObject: {fileID: 0}
  m_PrefabInternal: {fileID: 0}
  m_GameObject: {fileID: 669717944}
  m_Enabled: 1
--- !u!124 &669717947
Behaviour:
  m_ObjectHideFlags: 0
  m_PrefabParentObject: {fileID: 0}
  m_PrefabInternal: {fileID: 0}
  m_GameObject: {fileID: 669717944}
  m_Enabled: 1
--- !u!20 &669717948
Camera:
  m_ObjectHideFlags: 0
  m_PrefabParentObject: {fileID: 0}
  m_PrefabInternal: {fileID: 0}
  m_GameObject: {fileID: 669717944}
  m_Enabled: 1
  serializedVersion: 2
  m_ClearFlags: 1
  m_BackGroundColor: {r: 0.19215687, g: 0.3019608, b: 0.4745098, a: 0.019607844}
  m_NormalizedViewPortRect:
    serializedVersion: 2
    x: 0
    y: 0
    width: 1
    height: 1
  near clip plane: 0.3
  far clip plane: 1000
  field of view: 60
  orthographic: 1
  orthographic size: 5
  m_Depth: 0
  m_CullingMask:
    serializedVersion: 2
    m_Bits: 4294967295
  m_RenderingPath: -1
  m_TargetTexture: {fileID: 0}
  m_TargetDisplay: 0
  m_TargetEye: 3
  m_HDR: 0
  m_OcclusionCulling: 1
  m_StereoConvergence: 10
  m_StereoSeparation: 0.022
  m_StereoMirrorMode: 0
--- !u!4 &669717949
Transform:
  m_ObjectHideFlags: 0
  m_PrefabParentObject: {fileID: 0}
  m_PrefabInternal: {fileID: 0}
  m_GameObject: {fileID: 669717944}
  m_LocalRotation: {x: 0, y: 0, z: 0, w: 1}
  m_LocalPosition: {x: -9.882561, y: -29.757107, z: 2.5866976}
  m_LocalScale: {x: 1, y: 1, z: 1}
  m_Children: []
  m_Father: {fileID: 1103574883}
  m_RootOrder: 0
--- !u!1 &901671506
GameObject:
  m_ObjectHideFlags: 0
  m_PrefabParentObject: {fileID: 179780, guid: 6d9fe4376ad82ed448058eb86e35a80f, type: 2}
  m_PrefabInternal: {fileID: 0}
  serializedVersion: 4
  m_Component:
  - 224: {fileID: 901671507}
  - 222: {fileID: 901671510}
  - 114: {fileID: 901671509}
  - 114: {fileID: 901671508}
  m_Layer: 0
  m_Name: Image_Restart
  m_TagString: Untagged
  m_Icon: {fileID: 0}
  m_NavMeshLayer: 0
  m_StaticEditorFlags: 0
  m_IsActive: 1
--- !u!224 &901671507
RectTransform:
  m_ObjectHideFlags: 0
  m_PrefabParentObject: {fileID: 22404174, guid: 6d9fe4376ad82ed448058eb86e35a80f,
    type: 2}
  m_PrefabInternal: {fileID: 0}
  m_GameObject: {fileID: 901671506}
  m_LocalRotation: {x: 0, y: 0, z: 0, w: 1}
  m_LocalPosition: {x: 0, y: 0, z: 0}
  m_LocalScale: {x: 1, y: 1, z: 1}
  m_Children: []
  m_Father: {fileID: 1245490681}
  m_RootOrder: 2
  m_AnchorMin: {x: 0.5, y: 0.5}
  m_AnchorMax: {x: 0.5, y: 0.5}
  m_AnchoredPosition: {x: 90, y: -95.000015}
  m_SizeDelta: {x: 100, y: 100}
  m_Pivot: {x: 0.5, y: 0.5}
--- !u!114 &901671508
MonoBehaviour:
  m_ObjectHideFlags: 0
  m_PrefabParentObject: {fileID: 11402362, guid: 6d9fe4376ad82ed448058eb86e35a80f,
    type: 2}
  m_PrefabInternal: {fileID: 0}
  m_GameObject: {fileID: 901671506}
  m_Enabled: 1
  m_EditorHideFlags: 0
  m_Script: {fileID: 11500000, guid: 7a3942ddf9971374ca88aa9a3e4a2129, type: 3}
  m_Name: 
  m_EditorClassIdentifier: 
  m_scaleTime: 0.1
  m_minScale: {x: 0.9, y: 0.9, z: 0.9}
  m_maxScale: {x: 1.1, y: 1.1, z: 1.1}
--- !u!114 &901671509
MonoBehaviour:
  m_ObjectHideFlags: 0
  m_PrefabParentObject: {fileID: 11408152, guid: 6d9fe4376ad82ed448058eb86e35a80f,
    type: 2}
  m_PrefabInternal: {fileID: 0}
  m_GameObject: {fileID: 901671506}
  m_Enabled: 1
  m_EditorHideFlags: 0
  m_Script: {fileID: -765806418, guid: f5f67c52d1564df4a8936ccd202a3bd8, type: 3}
  m_Name: 
  m_EditorClassIdentifier: 
  m_Material: {fileID: 0}
  m_Color: {r: 1, g: 1, b: 1, a: 1}
  m_RaycastTarget: 1
  m_OnCullStateChanged:
    m_PersistentCalls:
      m_Calls: []
    m_TypeName: UnityEngine.UI.MaskableGraphic+CullStateChangedEvent, UnityEngine.UI,
      Version=1.0.0.0, Culture=neutral, PublicKeyToken=null
  m_Sprite: {fileID: 21300000, guid: 5eab48efb26d1c046ad2420fd362b100, type: 3}
  m_Type: 0
  m_PreserveAspect: 0
  m_FillCenter: 1
  m_FillMethod: 4
  m_FillAmount: 1
  m_FillClockwise: 1
  m_FillOrigin: 0
--- !u!222 &901671510
CanvasRenderer:
  m_ObjectHideFlags: 0
  m_PrefabParentObject: {fileID: 22274950, guid: 6d9fe4376ad82ed448058eb86e35a80f,
    type: 2}
  m_PrefabInternal: {fileID: 0}
  m_GameObject: {fileID: 901671506}
--- !u!1 &962061425
GameObject:
  m_ObjectHideFlags: 0
  m_PrefabParentObject: {fileID: 110144, guid: 6d9fe4376ad82ed448058eb86e35a80f, type: 2}
  m_PrefabInternal: {fileID: 0}
  serializedVersion: 4
  m_Component:
  - 4: {fileID: 962061426}
  m_Layer: 0
  m_Name: Door
  m_TagString: Untagged
  m_Icon: {fileID: 0}
  m_NavMeshLayer: 0
  m_StaticEditorFlags: 0
  m_IsActive: 1
--- !u!4 &962061426
Transform:
  m_ObjectHideFlags: 0
  m_PrefabParentObject: {fileID: 455332, guid: 6d9fe4376ad82ed448058eb86e35a80f, type: 2}
  m_PrefabInternal: {fileID: 0}
  m_GameObject: {fileID: 962061425}
  m_LocalRotation: {x: 0.00000011520229, y: 0.70710695, z: 0.7071066, w: 0.00000011520235}
  m_LocalPosition: {x: -0, y: -0.3333333, z: 0}
  m_LocalScale: {x: 0.33333334, y: 0.33333337, z: 0.33333337}
  m_Children:
  - {fileID: 645401173}
  - {fileID: 1577256369}
  m_Father: {fileID: 1895059245}
  m_RootOrder: 0
--- !u!1 &984975587
GameObject:
  m_ObjectHideFlags: 0
  m_PrefabParentObject: {fileID: 172288, guid: 6d9fe4376ad82ed448058eb86e35a80f, type: 2}
  m_PrefabInternal: {fileID: 0}
  serializedVersion: 4
  m_Component:
  - 4: {fileID: 984975588}
  - 33: {fileID: 984975590}
  - 23: {fileID: 984975589}
  m_Layer: 0
  m_Name: SelectRoom_Back
  m_TagString: Untagged
  m_Icon: {fileID: 0}
  m_NavMeshLayer: 0
  m_StaticEditorFlags: 0
  m_IsActive: 1
--- !u!4 &984975588
Transform:
  m_ObjectHideFlags: 0
  m_PrefabParentObject: {fileID: 480446, guid: 6d9fe4376ad82ed448058eb86e35a80f, type: 2}
  m_PrefabInternal: {fileID: 0}
  m_GameObject: {fileID: 984975587}
  m_LocalRotation: {x: -0.00000011520229, y: -0.70710695, z: -0.7071066, w: 0.00000011520235}
  m_LocalPosition: {x: -57.5, y: -270, z: 0}
  m_LocalScale: {x: 180, y: 180, z: 180}
  m_Children:
  - {fileID: 661411451}
  m_Father: {fileID: 1222900185}
  m_RootOrder: 1
--- !u!23 &984975589
MeshRenderer:
  m_ObjectHideFlags: 0
  m_PrefabParentObject: {fileID: 2385650, guid: 6d9fe4376ad82ed448058eb86e35a80f,
    type: 2}
  m_PrefabInternal: {fileID: 0}
  m_GameObject: {fileID: 984975587}
  m_Enabled: 1
  m_CastShadows: 1
  m_ReceiveShadows: 1
  m_Materials:
  - {fileID: 2100000, guid: a9261bf3ac4875343bcd31e75552e0cd, type: 2}
  - {fileID: 2100000, guid: 40c009b7ae7e48249815adc0d2037fa1, type: 2}
  m_SubsetIndices: 
  m_StaticBatchRoot: {fileID: 0}
  m_UseLightProbes: 1
  m_ReflectionProbeUsage: 1
  m_ProbeAnchor: {fileID: 0}
  m_ScaleInLightmap: 1
  m_PreserveUVs: 0
  m_IgnoreNormalsForChartDetection: 0
  m_ImportantGI: 0
  m_MinimumChartSize: 4
  m_AutoUVMaxDistance: 0.5
  m_AutoUVMaxAngle: 89
  m_LightmapParameters: {fileID: 0}
  m_SortingLayerID: 0
  m_SortingOrder: 0
--- !u!33 &984975590
MeshFilter:
  m_ObjectHideFlags: 0
  m_PrefabParentObject: {fileID: 3342800, guid: 6d9fe4376ad82ed448058eb86e35a80f,
    type: 2}
  m_PrefabInternal: {fileID: 0}
  m_GameObject: {fileID: 984975587}
  m_Mesh: {fileID: 4300000, guid: bf58fec8f6df2fd419709cf7852d2654, type: 3}
--- !u!1 &1103574882
GameObject:
  m_ObjectHideFlags: 0
  m_PrefabParentObject: {fileID: 0}
  m_PrefabInternal: {fileID: 0}
  serializedVersion: 4
  m_Component:
  - 4: {fileID: 1103574883}
  m_Layer: 0
  m_Name: Delete
  m_TagString: Untagged
  m_Icon: {fileID: 0}
  m_NavMeshLayer: 0
  m_StaticEditorFlags: 0
  m_IsActive: 1
--- !u!4 &1103574883
Transform:
  m_ObjectHideFlags: 0
  m_PrefabParentObject: {fileID: 0}
  m_PrefabInternal: {fileID: 0}
  m_GameObject: {fileID: 1103574882}
  m_LocalRotation: {x: 0, y: 0, z: 0, w: 1}
  m_LocalPosition: {x: 0, y: 0, z: 0}
  m_LocalScale: {x: 1, y: 1, z: 1}
  m_Children:
  - {fileID: 669717949}
  - {fileID: 1105807534}
  m_Father: {fileID: 0}
  m_RootOrder: 0
--- !u!1 &1105807532
GameObject:
  m_ObjectHideFlags: 0
  m_PrefabParentObject: {fileID: 0}
  m_PrefabInternal: {fileID: 0}
  serializedVersion: 4
  m_Component:
  - 4: {fileID: 1105807534}
  - 108: {fileID: 1105807533}
  m_Layer: 0
  m_Name: Directional light
  m_TagString: Untagged
  m_Icon: {fileID: 0}
  m_NavMeshLayer: 0
  m_StaticEditorFlags: 0
  m_IsActive: 1
--- !u!108 &1105807533
Light:
  m_ObjectHideFlags: 0
  m_PrefabParentObject: {fileID: 0}
  m_PrefabInternal: {fileID: 0}
  m_GameObject: {fileID: 1105807532}
  m_Enabled: 1
  serializedVersion: 6
  m_Type: 1
  m_Color: {r: 1, g: 1, b: 1, a: 1}
  m_Intensity: 1
  m_Range: 10
  m_SpotAngle: 30
  m_CookieSize: 10
  m_Shadows:
    m_Type: 0
    m_Resolution: -1
    m_Strength: 1
    m_Bias: 0.05
    m_NormalBias: 0.4
    m_NearPlane: 0.2
  m_Cookie: {fileID: 0}
  m_DrawHalo: 0
  m_Flare: {fileID: 0}
  m_RenderMode: 0
  m_CullingMask:
    serializedVersion: 2
    m_Bits: 4294967295
  m_Lightmapping: 4
  m_BounceIntensity: 1
  m_ShadowRadius: 0
  m_ShadowAngle: 0
  m_AreaSize: {x: 1, y: 1}
--- !u!4 &1105807534
Transform:
  m_ObjectHideFlags: 0
  m_PrefabParentObject: {fileID: 0}
  m_PrefabInternal: {fileID: 0}
  m_GameObject: {fileID: 1105807532}
  m_LocalRotation: {x: 0.40821794, y: -0.23456973, z: 0.109381676, w: 0.87542605}
  m_LocalPosition: {x: -9.089959, y: -31.18931, z: 14.694943}
  m_LocalScale: {x: 1, y: 1, z: 1}
  m_Children: []
  m_Father: {fileID: 1103574883}
  m_RootOrder: 1
--- !u!1 &1112874769
GameObject:
  m_ObjectHideFlags: 0
  m_PrefabParentObject: {fileID: 156496, guid: 6d9fe4376ad82ed448058eb86e35a80f, type: 2}
  m_PrefabInternal: {fileID: 0}
  serializedVersion: 4
  m_Component:
  - 224: {fileID: 1112874770}
  - 222: {fileID: 1112874773}
  - 114: {fileID: 1112874772}
  - 114: {fileID: 1112874771}
  m_Layer: 0
  m_Name: Image_Back
  m_TagString: Untagged
  m_Icon: {fileID: 0}
  m_NavMeshLayer: 0
  m_StaticEditorFlags: 0
  m_IsActive: 1
--- !u!224 &1112874770
RectTransform:
  m_ObjectHideFlags: 0
  m_PrefabParentObject: {fileID: 22405638, guid: 6d9fe4376ad82ed448058eb86e35a80f,
    type: 2}
  m_PrefabInternal: {fileID: 0}
  m_GameObject: {fileID: 1112874769}
  m_LocalRotation: {x: 0, y: 0, z: 0, w: 1}
  m_LocalPosition: {x: 0, y: 0, z: 0}
  m_LocalScale: {x: 1, y: 1, z: 1}
  m_Children: []
  m_Father: {fileID: 1245490681}
  m_RootOrder: 1
  m_AnchorMin: {x: 0.5, y: 0.5}
  m_AnchorMax: {x: 0.5, y: 0.5}
  m_AnchoredPosition: {x: -60, y: -95}
  m_SizeDelta: {x: 100, y: 100}
  m_Pivot: {x: 0.5, y: 0.5}
--- !u!114 &1112874771
MonoBehaviour:
  m_ObjectHideFlags: 0
  m_PrefabParentObject: {fileID: 11428130, guid: 6d9fe4376ad82ed448058eb86e35a80f,
    type: 2}
  m_PrefabInternal: {fileID: 0}
  m_GameObject: {fileID: 1112874769}
  m_Enabled: 1
  m_EditorHideFlags: 0
  m_Script: {fileID: 11500000, guid: 7a3942ddf9971374ca88aa9a3e4a2129, type: 3}
  m_Name: 
  m_EditorClassIdentifier: 
  m_scaleTime: 0.1
  m_minScale: {x: 0.9, y: 0.9, z: 0.9}
  m_maxScale: {x: 1.1, y: 1.1, z: 1.1}
--- !u!114 &1112874772
MonoBehaviour:
  m_ObjectHideFlags: 0
  m_PrefabParentObject: {fileID: 11466376, guid: 6d9fe4376ad82ed448058eb86e35a80f,
    type: 2}
  m_PrefabInternal: {fileID: 0}
  m_GameObject: {fileID: 1112874769}
  m_Enabled: 1
  m_EditorHideFlags: 0
  m_Script: {fileID: -765806418, guid: f5f67c52d1564df4a8936ccd202a3bd8, type: 3}
  m_Name: 
  m_EditorClassIdentifier: 
  m_Material: {fileID: 0}
  m_Color: {r: 1, g: 1, b: 1, a: 1}
  m_RaycastTarget: 1
  m_OnCullStateChanged:
    m_PersistentCalls:
      m_Calls: []
    m_TypeName: UnityEngine.UI.MaskableGraphic+CullStateChangedEvent, UnityEngine.UI,
      Version=1.0.0.0, Culture=neutral, PublicKeyToken=null
  m_Sprite: {fileID: 21300000, guid: d6a86496930485d4eab81bb3d69c431c, type: 3}
  m_Type: 0
  m_PreserveAspect: 0
  m_FillCenter: 1
  m_FillMethod: 4
  m_FillAmount: 1
  m_FillClockwise: 1
  m_FillOrigin: 0
--- !u!222 &1112874773
CanvasRenderer:
  m_ObjectHideFlags: 0
  m_PrefabParentObject: {fileID: 22253358, guid: 6d9fe4376ad82ed448058eb86e35a80f,
    type: 2}
  m_PrefabInternal: {fileID: 0}
  m_GameObject: {fileID: 1112874769}
--- !u!1 &1222900184
GameObject:
  m_ObjectHideFlags: 0
  m_PrefabParentObject: {fileID: 0}
  m_PrefabInternal: {fileID: 0}
  serializedVersion: 4
  m_Component:
  - 224: {fileID: 1222900185}
  - 223: {fileID: 1222900189}
  - 114: {fileID: 1222900188}
  - 114: {fileID: 1222900187}
  - 114: {fileID: 1222900186}
  m_Layer: 0
  m_Name: Canvas_Room
  m_TagString: Untagged
  m_Icon: {fileID: 0}
  m_NavMeshLayer: 0
  m_StaticEditorFlags: 0
  m_IsActive: 1
--- !u!224 &1222900185
RectTransform:
  m_ObjectHideFlags: 0
  m_PrefabParentObject: {fileID: 0}
  m_PrefabInternal: {fileID: 0}
  m_GameObject: {fileID: 1222900184}
  m_LocalRotation: {x: 0, y: 0, z: 0, w: 1}
  m_LocalPosition: {x: 0, y: 0, z: 0}
  m_LocalScale: {x: 0, y: 0, z: 0}
  m_Children:
  - {fileID: 666324587}
  - {fileID: 984975588}
  - {fileID: 454068868}
  - {fileID: 1895059245}
  - {fileID: 1803416213}
  m_Father: {fileID: 2063252235}
  m_RootOrder: 1
  m_AnchorMin: {x: 0, y: 0}
  m_AnchorMax: {x: 0, y: 0}
  m_AnchoredPosition: {x: 0, y: 0}
  m_SizeDelta: {x: 0, y: 0}
  m_Pivot: {x: 0, y: 0}
--- !u!114 &1222900186
MonoBehaviour:
  m_ObjectHideFlags: 0
  m_PrefabParentObject: {fileID: 0}
  m_PrefabInternal: {fileID: 0}
  m_GameObject: {fileID: 1222900184}
  m_Enabled: 1
  m_EditorHideFlags: 0
  m_Script: {fileID: 11500000, guid: b376c93b3c8593546a5f7bbfca43b595, type: 3}
  m_Name: 
  m_EditorClassIdentifier: 
  m_distance: 15
--- !u!114 &1222900187
MonoBehaviour:
  m_ObjectHideFlags: 0
  m_PrefabParentObject: {fileID: 0}
  m_PrefabInternal: {fileID: 0}
  m_GameObject: {fileID: 1222900184}
  m_Enabled: 1
  m_EditorHideFlags: 0
  m_Script: {fileID: 1301386320, guid: f5f67c52d1564df4a8936ccd202a3bd8, type: 3}
  m_Name: 
  m_EditorClassIdentifier: 
  m_IgnoreReversedGraphics: 1
  m_BlockingObjects: 0
  m_BlockingMask:
    serializedVersion: 2
    m_Bits: 4294967295
--- !u!114 &1222900188
MonoBehaviour:
  m_ObjectHideFlags: 0
  m_PrefabParentObject: {fileID: 0}
  m_PrefabInternal: {fileID: 0}
  m_GameObject: {fileID: 1222900184}
  m_Enabled: 1
  m_EditorHideFlags: 0
  m_Script: {fileID: 1980459831, guid: f5f67c52d1564df4a8936ccd202a3bd8, type: 3}
  m_Name: 
  m_EditorClassIdentifier: 
  m_UiScaleMode: 0
  m_ReferencePixelsPerUnit: 100
  m_ScaleFactor: 1
  m_ReferenceResolution: {x: 800, y: 600}
  m_ScreenMatchMode: 0
  m_MatchWidthOrHeight: 0
  m_PhysicalUnit: 3
  m_FallbackScreenDPI: 96
  m_DefaultSpriteDPI: 96
  m_DynamicPixelsPerUnit: 1
--- !u!223 &1222900189
Canvas:
  m_ObjectHideFlags: 0
  m_PrefabParentObject: {fileID: 0}
  m_PrefabInternal: {fileID: 0}
  m_GameObject: {fileID: 1222900184}
  m_Enabled: 1
  serializedVersion: 2
  m_RenderMode: 1
  m_Camera: {fileID: 669717948}
  m_PlaneDistance: 15
  m_PixelPerfect: 0
  m_ReceivesEvents: 1
  m_OverrideSorting: 0
  m_OverridePixelPerfect: 0
  m_SortingLayerID: 0
  m_SortingOrder: 0
  m_TargetDisplay: 0
--- !u!1 &1223604671
GameObject:
  m_ObjectHideFlags: 0
  m_PrefabParentObject: {fileID: 188844, guid: 6d9fe4376ad82ed448058eb86e35a80f, type: 2}
  m_PrefabInternal: {fileID: 0}
  serializedVersion: 4
  m_Component:
  - 4: {fileID: 1223604672}
  - 33: {fileID: 1223604674}
  - 23: {fileID: 1223604673}
  m_Layer: 0
  m_Name: RightDoor
  m_TagString: Untagged
  m_Icon: {fileID: 0}
  m_NavMeshLayer: 0
  m_StaticEditorFlags: 0
  m_IsActive: 1
--- !u!4 &1223604672
Transform:
  m_ObjectHideFlags: 0
  m_PrefabParentObject: {fileID: 401016, guid: 6d9fe4376ad82ed448058eb86e35a80f, type: 2}
  m_PrefabInternal: {fileID: 0}
  m_GameObject: {fileID: 1223604671}
  m_LocalRotation: {x: 0, y: 1, z: 0, w: -0.00000016292068}
  m_LocalPosition: {x: 0.7, y: 0, z: 0}
  m_LocalScale: {x: -2.5, y: 4.1, z: 4}
  m_Children: []
  m_Father: {fileID: 225769823}
  m_RootOrder: 0
--- !u!23 &1223604673
MeshRenderer:
  m_ObjectHideFlags: 0
  m_PrefabParentObject: {fileID: 2342688, guid: 6d9fe4376ad82ed448058eb86e35a80f,
    type: 2}
  m_PrefabInternal: {fileID: 0}
  m_GameObject: {fileID: 1223604671}
  m_Enabled: 1
  m_CastShadows: 1
  m_ReceiveShadows: 1
  m_Materials:
  - {fileID: 2100000, guid: 3871eeb0544393145a86c63d9e79b695, type: 2}
  m_SubsetIndices: 
  m_StaticBatchRoot: {fileID: 0}
  m_UseLightProbes: 1
  m_ReflectionProbeUsage: 1
  m_ProbeAnchor: {fileID: 0}
  m_ScaleInLightmap: 1
  m_PreserveUVs: 0
  m_IgnoreNormalsForChartDetection: 0
  m_ImportantGI: 0
  m_MinimumChartSize: 4
  m_AutoUVMaxDistance: 0.5
  m_AutoUVMaxAngle: 89
  m_LightmapParameters: {fileID: 0}
  m_SortingLayerID: 0
  m_SortingOrder: 0
--- !u!33 &1223604674
MeshFilter:
  m_ObjectHideFlags: 0
  m_PrefabParentObject: {fileID: 3395296, guid: 6d9fe4376ad82ed448058eb86e35a80f,
    type: 2}
  m_PrefabInternal: {fileID: 0}
  m_GameObject: {fileID: 1223604671}
  m_Mesh: {fileID: 4300000, guid: ef9abf79e9a18a44583d21d258953f7b, type: 3}
--- !u!1 &1245490680
GameObject:
  m_ObjectHideFlags: 0
  m_PrefabParentObject: {fileID: 139624, guid: 6d9fe4376ad82ed448058eb86e35a80f, type: 2}
  m_PrefabInternal: {fileID: 0}
  serializedVersion: 4
  m_Component:
  - 224: {fileID: 1245490681}
  - 223: {fileID: 1245490685}
  - 114: {fileID: 1245490684}
  - 114: {fileID: 1245490683}
  - 114: {fileID: 1245490682}
  - 114: {fileID: 1245490686}
  m_Layer: 0
  m_Name: Canvas_SelectTypeByImageScaling
  m_TagString: Untagged
  m_Icon: {fileID: 0}
  m_NavMeshLayer: 0
  m_StaticEditorFlags: 0
  m_IsActive: 1
--- !u!224 &1245490681
RectTransform:
  m_ObjectHideFlags: 0
  m_PrefabParentObject: {fileID: 22463246, guid: 6d9fe4376ad82ed448058eb86e35a80f,
    type: 2}
  m_PrefabInternal: {fileID: 0}
  m_GameObject: {fileID: 1245490680}
  m_LocalRotation: {x: 0, y: 0, z: 0, w: 1}
  m_LocalPosition: {x: 0, y: 0, z: 0}
  m_LocalScale: {x: 0, y: 0, z: 0}
  m_Children:
  - {fileID: 1697736896}
  - {fileID: 1112874770}
  - {fileID: 901671507}
  - {fileID: 1612143734}
  - {fileID: 108767788}
  m_Father: {fileID: 2063252235}
  m_RootOrder: 0
  m_AnchorMin: {x: 0, y: 0}
  m_AnchorMax: {x: 0, y: 0}
  m_AnchoredPosition: {x: 0, y: 0}
  m_SizeDelta: {x: 0, y: 0}
  m_Pivot: {x: 0, y: 0}
--- !u!114 &1245490682
MonoBehaviour:
  m_ObjectHideFlags: 0
  m_PrefabParentObject: {fileID: 11441306, guid: 6d9fe4376ad82ed448058eb86e35a80f,
    type: 2}
  m_PrefabInternal: {fileID: 0}
  m_GameObject: {fileID: 1245490680}
  m_Enabled: 1
  m_EditorHideFlags: 0
  m_Script: {fileID: 11500000, guid: b0852f6a3d1f03d44ad4833e3f2731ff, type: 3}
  m_Name: 
  m_EditorClassIdentifier: 
  m_selectImageArray:
  - {fileID: 1697736897}
  - {fileID: 1112874771}
  - {fileID: 901671508}
  - {fileID: 108767789}
--- !u!114 &1245490683
MonoBehaviour:
  m_ObjectHideFlags: 0
  m_PrefabParentObject: {fileID: 11487194, guid: 6d9fe4376ad82ed448058eb86e35a80f,
    type: 2}
  m_PrefabInternal: {fileID: 0}
  m_GameObject: {fileID: 1245490680}
  m_Enabled: 1
  m_EditorHideFlags: 0
  m_Script: {fileID: 1301386320, guid: f5f67c52d1564df4a8936ccd202a3bd8, type: 3}
  m_Name: 
  m_EditorClassIdentifier: 
  m_IgnoreReversedGraphics: 1
  m_BlockingObjects: 0
  m_BlockingMask:
    serializedVersion: 2
    m_Bits: 4294967295
--- !u!114 &1245490684
MonoBehaviour:
  m_ObjectHideFlags: 0
  m_PrefabParentObject: {fileID: 11492636, guid: 6d9fe4376ad82ed448058eb86e35a80f,
    type: 2}
  m_PrefabInternal: {fileID: 0}
  m_GameObject: {fileID: 1245490680}
  m_Enabled: 1
  m_EditorHideFlags: 0
  m_Script: {fileID: 1980459831, guid: f5f67c52d1564df4a8936ccd202a3bd8, type: 3}
  m_Name: 
  m_EditorClassIdentifier: 
  m_UiScaleMode: 0
  m_ReferencePixelsPerUnit: 100
  m_ScaleFactor: 1
  m_ReferenceResolution: {x: 800, y: 600}
  m_ScreenMatchMode: 0
  m_MatchWidthOrHeight: 0
  m_PhysicalUnit: 3
  m_FallbackScreenDPI: 96
  m_DefaultSpriteDPI: 96
  m_DynamicPixelsPerUnit: 1
--- !u!223 &1245490685
Canvas:
  m_ObjectHideFlags: 0
  m_PrefabParentObject: {fileID: 22387216, guid: 6d9fe4376ad82ed448058eb86e35a80f,
    type: 2}
  m_PrefabInternal: {fileID: 0}
  m_GameObject: {fileID: 1245490680}
  m_Enabled: 1
  serializedVersion: 2
  m_RenderMode: 1
  m_Camera: {fileID: 669717948}
  m_PlaneDistance: 1
  m_PixelPerfect: 0
  m_ReceivesEvents: 1
  m_OverrideSorting: 0
  m_OverridePixelPerfect: 0
  m_SortingLayerID: 0
  m_SortingOrder: 0
  m_TargetDisplay: 0
--- !u!114 &1245490686
MonoBehaviour:
  m_ObjectHideFlags: 0
  m_PrefabParentObject: {fileID: 0}
  m_PrefabInternal: {fileID: 0}
  m_GameObject: {fileID: 1245490680}
  m_Enabled: 1
  m_EditorHideFlags: 0
  m_Script: {fileID: 11500000, guid: b376c93b3c8593546a5f7bbfca43b595, type: 3}
  m_Name: 
  m_EditorClassIdentifier: 
  m_distance: 1
--- !u!1 &1359519990
GameObject:
  m_ObjectHideFlags: 0
  m_PrefabParentObject: {fileID: 0}
  m_PrefabInternal: {fileID: 0}
  serializedVersion: 4
  m_Component:
  - 4: {fileID: 1359519992}
  - 114: {fileID: 1359519993}
  - 114: {fileID: 1359519991}
  m_Layer: 0
  m_Name: PauseController
  m_TagString: Untagged
  m_Icon: {fileID: 0}
  m_NavMeshLayer: 0
  m_StaticEditorFlags: 0
  m_IsActive: 1
--- !u!114 &1359519991
MonoBehaviour:
  m_ObjectHideFlags: 0
  m_PrefabParentObject: {fileID: 0}
  m_PrefabInternal: {fileID: 0}
  m_GameObject: {fileID: 1359519990}
  m_Enabled: 1
  m_EditorHideFlags: 0
  m_Script: {fileID: 11500000, guid: 9117c22eb0da8f548af59a9ca7e7e2a4, type: 3}
  m_Name: 
  m_EditorClassIdentifier: 
  m_maxCount: 4
  m_count: 1
--- !u!4 &1359519992
Transform:
  m_ObjectHideFlags: 0
  m_PrefabParentObject: {fileID: 0}
  m_PrefabInternal: {fileID: 0}
  m_GameObject: {fileID: 1359519990}
  m_LocalRotation: {x: 0, y: 0, z: 0, w: 1}
  m_LocalPosition: {x: 0, y: 0, z: 0}
  m_LocalScale: {x: 1, y: 1, z: 1}
  m_Children: []
  m_Father: {fileID: 0}
  m_RootOrder: 1
--- !u!114 &1359519993
MonoBehaviour:
  m_ObjectHideFlags: 0
  m_PrefabParentObject: {fileID: 0}
  m_PrefabInternal: {fileID: 0}
  m_GameObject: {fileID: 1359519990}
  m_Enabled: 1
  m_EditorHideFlags: 0
  m_Script: {fileID: 11500000, guid: 791a0d48cc4fab1438cb78470a69035d, type: 3}
  m_Name: 
  m_EditorClassIdentifier: 
  m_gamePauseState: {fileID: 194942942}
  m_selectCharacterMove: {fileID: 1803416214}
  m_selectTypeImageScaling: {fileID: 1245490682}
  m_selectedImage: {fileID: 1612143731}
--- !u!1 &1577256368
GameObject:
  m_ObjectHideFlags: 0
  m_PrefabParentObject: {fileID: 198736, guid: 6d9fe4376ad82ed448058eb86e35a80f, type: 2}
  m_PrefabInternal: {fileID: 0}
  serializedVersion: 4
  m_Component:
  - 4: {fileID: 1577256369}
  - 33: {fileID: 1577256371}
  - 23: {fileID: 1577256370}
  m_Layer: 0
  m_Name: LeftDoor
  m_TagString: Untagged
  m_Icon: {fileID: 0}
  m_NavMeshLayer: 0
  m_StaticEditorFlags: 0
  m_IsActive: 1
--- !u!4 &1577256369
Transform:
  m_ObjectHideFlags: 0
  m_PrefabParentObject: {fileID: 463654, guid: 6d9fe4376ad82ed448058eb86e35a80f, type: 2}
  m_PrefabInternal: {fileID: 0}
  m_GameObject: {fileID: 1577256368}
  m_LocalRotation: {x: 0, y: 1, z: 0, w: -0.00000016292068}
  m_LocalPosition: {x: -0.7, y: 0, z: 0}
  m_LocalScale: {x: 2.5, y: 4.1, z: 4}
  m_Children: []
  m_Father: {fileID: 962061426}
  m_RootOrder: 1
--- !u!23 &1577256370
MeshRenderer:
  m_ObjectHideFlags: 0
  m_PrefabParentObject: {fileID: 2320396, guid: 6d9fe4376ad82ed448058eb86e35a80f,
    type: 2}
  m_PrefabInternal: {fileID: 0}
  m_GameObject: {fileID: 1577256368}
  m_Enabled: 1
  m_CastShadows: 1
  m_ReceiveShadows: 1
  m_Materials:
  - {fileID: 2100000, guid: 3871eeb0544393145a86c63d9e79b695, type: 2}
  m_SubsetIndices: 
  m_StaticBatchRoot: {fileID: 0}
  m_UseLightProbes: 1
  m_ReflectionProbeUsage: 1
  m_ProbeAnchor: {fileID: 0}
  m_ScaleInLightmap: 1
  m_PreserveUVs: 0
  m_IgnoreNormalsForChartDetection: 0
  m_ImportantGI: 0
  m_MinimumChartSize: 4
  m_AutoUVMaxDistance: 0.5
  m_AutoUVMaxAngle: 89
  m_LightmapParameters: {fileID: 0}
  m_SortingLayerID: 0
  m_SortingOrder: 0
--- !u!33 &1577256371
MeshFilter:
  m_ObjectHideFlags: 0
  m_PrefabParentObject: {fileID: 3343828, guid: 6d9fe4376ad82ed448058eb86e35a80f,
    type: 2}
  m_PrefabInternal: {fileID: 0}
  m_GameObject: {fileID: 1577256368}
  m_Mesh: {fileID: 4300000, guid: ef9abf79e9a18a44583d21d258953f7b, type: 3}
--- !u!1 &1612143730
GameObject:
  m_ObjectHideFlags: 0
  m_PrefabParentObject: {fileID: 114506, guid: aab62b6f70df54d4e91da7b8c9d83d51, type: 2}
  m_PrefabInternal: {fileID: 166478318}
  serializedVersion: 4
  m_Component:
  - 224: {fileID: 1612143734}
  - 222: {fileID: 1612143733}
  - 114: {fileID: 1612143732}
  - 114: {fileID: 1612143731}
  m_Layer: 5
  m_Name: Image_SelectedImage
  m_TagString: Untagged
  m_Icon: {fileID: 0}
  m_NavMeshLayer: 0
  m_StaticEditorFlags: 0
  m_IsActive: 1
--- !u!114 &1612143731
MonoBehaviour:
  m_ObjectHideFlags: 0
  m_PrefabParentObject: {fileID: 11431808, guid: aab62b6f70df54d4e91da7b8c9d83d51,
    type: 2}
  m_PrefabInternal: {fileID: 166478318}
  m_GameObject: {fileID: 1612143730}
  m_Enabled: 1
  m_EditorHideFlags: 0
  m_Script: {fileID: 11500000, guid: 978272e26939d6d41b4d12fa9d96e08a, type: 3}
  m_Name: 
  m_EditorClassIdentifier: 
  m_selectedImageArray:
  - {fileID: 21300000, guid: 073b9562863760b4eaaa1d72bf8889dd, type: 3}
  - {fileID: 21300000, guid: d215a5040d15e56428786f9e82dff551, type: 3}
  - {fileID: 21300000, guid: c57f28e7ed3204a438421215b67a9ef5, type: 3}
  - {fileID: 21300000, guid: 716da14a04212a541835478fb6870d1b, type: 3}
--- !u!114 &1612143732
MonoBehaviour:
  m_ObjectHideFlags: 0
  m_PrefabParentObject: {fileID: 11427906, guid: aab62b6f70df54d4e91da7b8c9d83d51,
    type: 2}
  m_PrefabInternal: {fileID: 166478318}
  m_GameObject: {fileID: 1612143730}
  m_Enabled: 1
  m_EditorHideFlags: 0
  m_Script: {fileID: -765806418, guid: f5f67c52d1564df4a8936ccd202a3bd8, type: 3}
  m_Name: 
  m_EditorClassIdentifier: 
  m_Material: {fileID: 0}
  m_Color: {r: 1, g: 1, b: 1, a: 1}
  m_RaycastTarget: 1
  m_OnCullStateChanged:
    m_PersistentCalls:
      m_Calls: []
    m_TypeName: UnityEngine.UI.MaskableGraphic+CullStateChangedEvent, UnityEngine.UI,
      Version=1.0.0.0, Culture=neutral, PublicKeyToken=null
  m_Sprite: {fileID: 0}
  m_Type: 0
  m_PreserveAspect: 0
  m_FillCenter: 1
  m_FillMethod: 4
  m_FillAmount: 1
  m_FillClockwise: 1
  m_FillOrigin: 0
--- !u!222 &1612143733
CanvasRenderer:
  m_ObjectHideFlags: 0
  m_PrefabParentObject: {fileID: 22288554, guid: aab62b6f70df54d4e91da7b8c9d83d51,
    type: 2}
  m_PrefabInternal: {fileID: 166478318}
  m_GameObject: {fileID: 1612143730}
--- !u!224 &1612143734
RectTransform:
  m_ObjectHideFlags: 0
  m_PrefabParentObject: {fileID: 22446812, guid: aab62b6f70df54d4e91da7b8c9d83d51,
    type: 2}
  m_PrefabInternal: {fileID: 166478318}
  m_GameObject: {fileID: 1612143730}
  m_LocalRotation: {x: 0, y: 0, z: 0, w: 1}
  m_LocalPosition: {x: 0, y: 0, z: 549.89996}
  m_LocalScale: {x: 7, y: 3, z: 61.1}
  m_Children: []
  m_Father: {fileID: 1245490681}
  m_RootOrder: 3
  m_AnchorMin: {x: 0.5, y: 0.5}
  m_AnchorMax: {x: 0.5, y: 0.5}
  m_AnchoredPosition: {x: 0, y: 100}
  m_SizeDelta: {x: 100, y: 100}
  m_Pivot: {x: 0.5, y: 0.5}
--- !u!1 &1697736895
GameObject:
  m_ObjectHideFlags: 0
  m_PrefabParentObject: {fileID: 166264, guid: 6d9fe4376ad82ed448058eb86e35a80f, type: 2}
  m_PrefabInternal: {fileID: 0}
  serializedVersion: 4
  m_Component:
  - 224: {fileID: 1697736896}
  - 222: {fileID: 1697736899}
  - 114: {fileID: 1697736898}
  - 114: {fileID: 1697736897}
  m_Layer: 0
  m_Name: Image_Title
  m_TagString: Untagged
  m_Icon: {fileID: 0}
  m_NavMeshLayer: 0
  m_StaticEditorFlags: 0
  m_IsActive: 1
--- !u!224 &1697736896
RectTransform:
  m_ObjectHideFlags: 0
  m_PrefabParentObject: {fileID: 22477156, guid: 6d9fe4376ad82ed448058eb86e35a80f,
    type: 2}
  m_PrefabInternal: {fileID: 0}
  m_GameObject: {fileID: 1697736895}
  m_LocalRotation: {x: 0, y: 0, z: 0, w: 1}
  m_LocalPosition: {x: 0, y: 0, z: 0}
  m_LocalScale: {x: 1, y: 1, z: 1}
  m_Children: []
  m_Father: {fileID: 1245490681}
  m_RootOrder: 0
  m_AnchorMin: {x: 0.5, y: 0.5}
  m_AnchorMax: {x: 0.5, y: 0.5}
  m_AnchoredPosition: {x: -210, y: -95.000015}
  m_SizeDelta: {x: 100, y: 100}
  m_Pivot: {x: 0.5, y: 0.5}
--- !u!114 &1697736897
MonoBehaviour:
  m_ObjectHideFlags: 0
  m_PrefabParentObject: {fileID: 11452090, guid: 6d9fe4376ad82ed448058eb86e35a80f,
    type: 2}
  m_PrefabInternal: {fileID: 0}
  m_GameObject: {fileID: 1697736895}
  m_Enabled: 1
  m_EditorHideFlags: 0
  m_Script: {fileID: 11500000, guid: 7a3942ddf9971374ca88aa9a3e4a2129, type: 3}
  m_Name: 
  m_EditorClassIdentifier: 
  m_scaleTime: 0.1
  m_minScale: {x: 0.9, y: 0.9, z: 0.9}
  m_maxScale: {x: 1.1, y: 1.1, z: 1.1}
--- !u!114 &1697736898
MonoBehaviour:
  m_ObjectHideFlags: 0
  m_PrefabParentObject: {fileID: 11441828, guid: 6d9fe4376ad82ed448058eb86e35a80f,
    type: 2}
  m_PrefabInternal: {fileID: 0}
  m_GameObject: {fileID: 1697736895}
  m_Enabled: 1
  m_EditorHideFlags: 0
  m_Script: {fileID: -765806418, guid: f5f67c52d1564df4a8936ccd202a3bd8, type: 3}
  m_Name: 
  m_EditorClassIdentifier: 
  m_Material: {fileID: 0}
  m_Color: {r: 1, g: 1, b: 1, a: 1}
  m_RaycastTarget: 1
  m_OnCullStateChanged:
    m_PersistentCalls:
      m_Calls: []
    m_TypeName: UnityEngine.UI.MaskableGraphic+CullStateChangedEvent, UnityEngine.UI,
      Version=1.0.0.0, Culture=neutral, PublicKeyToken=null
  m_Sprite: {fileID: 21300000, guid: 15073aa54d5cf3444b6529fd8829b2fb, type: 3}
  m_Type: 0
  m_PreserveAspect: 0
  m_FillCenter: 1
  m_FillMethod: 4
  m_FillAmount: 1
  m_FillClockwise: 1
  m_FillOrigin: 0
--- !u!222 &1697736899
CanvasRenderer:
  m_ObjectHideFlags: 0
  m_PrefabParentObject: {fileID: 22261374, guid: 6d9fe4376ad82ed448058eb86e35a80f,
    type: 2}
  m_PrefabInternal: {fileID: 0}
  m_GameObject: {fileID: 1697736895}
--- !u!1 &1708339975
GameObject:
  m_ObjectHideFlags: 0
  m_PrefabParentObject: {fileID: 0}
  m_PrefabInternal: {fileID: 0}
  serializedVersion: 4
  m_Component:
  - 224: {fileID: 1708339976}
  - 222: {fileID: 1708339978}
  - 114: {fileID: 1708339977}
  m_Layer: 0
  m_Name: Panel
  m_TagString: Untagged
  m_Icon: {fileID: 0}
  m_NavMeshLayer: 0
  m_StaticEditorFlags: 0
  m_IsActive: 1
--- !u!224 &1708339976
RectTransform:
  m_ObjectHideFlags: 0
  m_PrefabParentObject: {fileID: 0}
  m_PrefabInternal: {fileID: 0}
  m_GameObject: {fileID: 1708339975}
  m_LocalRotation: {x: 0, y: 0, z: 0, w: 1}
  m_LocalPosition: {x: 0, y: 0, z: 1}
  m_LocalScale: {x: 1, y: 1, z: 1}
  m_Children: []
  m_Father: {fileID: 23392634}
  m_RootOrder: 0
  m_AnchorMin: {x: 0, y: 0}
  m_AnchorMax: {x: 1, y: 1}
  m_AnchoredPosition: {x: -0.5, y: 0.5}
  m_SizeDelta: {x: -1, y: -1}
  m_Pivot: {x: 0.5, y: 0.5}
--- !u!114 &1708339977
MonoBehaviour:
  m_ObjectHideFlags: 0
  m_PrefabParentObject: {fileID: 0}
  m_PrefabInternal: {fileID: 0}
  m_GameObject: {fileID: 1708339975}
  m_Enabled: 1
  m_EditorHideFlags: 0
  m_Script: {fileID: -765806418, guid: f5f67c52d1564df4a8936ccd202a3bd8, type: 3}
  m_Name: 
  m_EditorClassIdentifier: 
  m_Material: {fileID: 0}
  m_Color: {r: 0, g: 0, b: 0, a: 0.392}
  m_RaycastTarget: 1
  m_OnCullStateChanged:
    m_PersistentCalls:
      m_Calls: []
    m_TypeName: UnityEngine.UI.MaskableGraphic+CullStateChangedEvent, UnityEngine.UI,
      Version=1.0.0.0, Culture=neutral, PublicKeyToken=null
  m_Sprite: {fileID: 10907, guid: 0000000000000000f000000000000000, type: 0}
  m_Type: 1
  m_PreserveAspect: 0
  m_FillCenter: 1
  m_FillMethod: 4
  m_FillAmount: 1
  m_FillClockwise: 1
  m_FillOrigin: 0
--- !u!222 &1708339978
CanvasRenderer:
  m_ObjectHideFlags: 0
  m_PrefabParentObject: {fileID: 0}
  m_PrefabInternal: {fileID: 0}
  m_GameObject: {fileID: 1708339975}
--- !u!1 &1716874602
GameObject:
  m_ObjectHideFlags: 0
  m_PrefabParentObject: {fileID: 124918, guid: 6d9fe4376ad82ed448058eb86e35a80f, type: 2}
  m_PrefabInternal: {fileID: 0}
  serializedVersion: 4
  m_Component:
  - 4: {fileID: 1716874603}
  - 33: {fileID: 1716874605}
  - 23: {fileID: 1716874604}
  m_Layer: 0
  m_Name: LeftDoor
  m_TagString: Untagged
  m_Icon: {fileID: 0}
  m_NavMeshLayer: 0
  m_StaticEditorFlags: 0
  m_IsActive: 1
--- !u!4 &1716874603
Transform:
  m_ObjectHideFlags: 0
  m_PrefabParentObject: {fileID: 435530, guid: 6d9fe4376ad82ed448058eb86e35a80f, type: 2}
  m_PrefabInternal: {fileID: 0}
  m_GameObject: {fileID: 1716874602}
  m_LocalRotation: {x: 0, y: 1, z: 0, w: -0.00000016292068}
  m_LocalPosition: {x: -0.7, y: 0, z: 0}
  m_LocalScale: {x: 2.5, y: 4.1, z: 4}
  m_Children: []
  m_Father: {fileID: 225769823}
  m_RootOrder: 1
--- !u!23 &1716874604
MeshRenderer:
  m_ObjectHideFlags: 0
  m_PrefabParentObject: {fileID: 2328146, guid: 6d9fe4376ad82ed448058eb86e35a80f,
    type: 2}
  m_PrefabInternal: {fileID: 0}
  m_GameObject: {fileID: 1716874602}
  m_Enabled: 1
  m_CastShadows: 1
  m_ReceiveShadows: 1
  m_Materials:
  - {fileID: 2100000, guid: 3871eeb0544393145a86c63d9e79b695, type: 2}
  m_SubsetIndices: 
  m_StaticBatchRoot: {fileID: 0}
  m_UseLightProbes: 1
  m_ReflectionProbeUsage: 1
  m_ProbeAnchor: {fileID: 0}
  m_ScaleInLightmap: 1
  m_PreserveUVs: 0
  m_IgnoreNormalsForChartDetection: 0
  m_ImportantGI: 0
  m_MinimumChartSize: 4
  m_AutoUVMaxDistance: 0.5
  m_AutoUVMaxAngle: 89
  m_LightmapParameters: {fileID: 0}
  m_SortingLayerID: 0
  m_SortingOrder: 0
--- !u!33 &1716874605
MeshFilter:
  m_ObjectHideFlags: 0
  m_PrefabParentObject: {fileID: 3350546, guid: 6d9fe4376ad82ed448058eb86e35a80f,
    type: 2}
  m_PrefabInternal: {fileID: 0}
  m_GameObject: {fileID: 1716874602}
  m_Mesh: {fileID: 4300000, guid: ef9abf79e9a18a44583d21d258953f7b, type: 3}
--- !u!1 &1725008131
GameObject:
  m_ObjectHideFlags: 0
  m_PrefabParentObject: {fileID: 142704, guid: 6d9fe4376ad82ed448058eb86e35a80f, type: 2}
  m_PrefabInternal: {fileID: 0}
  serializedVersion: 4
  m_Component:
  - 4: {fileID: 1725008132}
  - 33: {fileID: 1725008134}
  - 23: {fileID: 1725008133}
  m_Layer: 0
  m_Name: RightDoor
  m_TagString: Untagged
  m_Icon: {fileID: 0}
  m_NavMeshLayer: 0
  m_StaticEditorFlags: 0
  m_IsActive: 1
--- !u!4 &1725008132
Transform:
  m_ObjectHideFlags: 0
  m_PrefabParentObject: {fileID: 418122, guid: 6d9fe4376ad82ed448058eb86e35a80f, type: 2}
  m_PrefabInternal: {fileID: 0}
  m_GameObject: {fileID: 1725008131}
  m_LocalRotation: {x: 0, y: 1, z: 0, w: -0.00000016292068}
  m_LocalPosition: {x: 0.7, y: 0, z: 0}
  m_LocalScale: {x: -2.5, y: 4.1, z: 4}
  m_Children: []
  m_Father: {fileID: 139162103}
  m_RootOrder: 0
--- !u!23 &1725008133
MeshRenderer:
  m_ObjectHideFlags: 0
  m_PrefabParentObject: {fileID: 2348578, guid: 6d9fe4376ad82ed448058eb86e35a80f,
    type: 2}
  m_PrefabInternal: {fileID: 0}
  m_GameObject: {fileID: 1725008131}
  m_Enabled: 1
  m_CastShadows: 1
  m_ReceiveShadows: 1
  m_Materials:
  - {fileID: 2100000, guid: 3871eeb0544393145a86c63d9e79b695, type: 2}
  m_SubsetIndices: 
  m_StaticBatchRoot: {fileID: 0}
  m_UseLightProbes: 1
  m_ReflectionProbeUsage: 1
  m_ProbeAnchor: {fileID: 0}
  m_ScaleInLightmap: 1
  m_PreserveUVs: 0
  m_IgnoreNormalsForChartDetection: 0
  m_ImportantGI: 0
  m_MinimumChartSize: 4
  m_AutoUVMaxDistance: 0.5
  m_AutoUVMaxAngle: 89
  m_LightmapParameters: {fileID: 0}
  m_SortingLayerID: 0
  m_SortingOrder: 0
--- !u!33 &1725008134
MeshFilter:
  m_ObjectHideFlags: 0
  m_PrefabParentObject: {fileID: 3359330, guid: 6d9fe4376ad82ed448058eb86e35a80f,
    type: 2}
  m_PrefabInternal: {fileID: 0}
  m_GameObject: {fileID: 1725008131}
  m_Mesh: {fileID: 4300000, guid: ef9abf79e9a18a44583d21d258953f7b, type: 3}
--- !u!1 &1803416212
GameObject:
  m_ObjectHideFlags: 0
  m_PrefabParentObject: {fileID: 156184, guid: 6d9fe4376ad82ed448058eb86e35a80f, type: 2}
  m_PrefabInternal: {fileID: 0}
  serializedVersion: 4
  m_Component:
  - 4: {fileID: 1803416213}
  - 33: {fileID: 1803416216}
  - 23: {fileID: 1803416215}
  - 114: {fileID: 1803416214}
  m_Layer: 0
  m_Name: Character_Normal
  m_TagString: Untagged
  m_Icon: {fileID: 0}
  m_NavMeshLayer: 0
  m_StaticEditorFlags: 0
  m_IsActive: 1
--- !u!4 &1803416213
Transform:
  m_ObjectHideFlags: 0
  m_PrefabParentObject: {fileID: 447692, guid: 6d9fe4376ad82ed448058eb86e35a80f, type: 2}
  m_PrefabInternal: {fileID: 0}
  m_GameObject: {fileID: 1803416212}
  m_LocalRotation: {x: 0.00000010472341, y: -0.7660444, z: -0.6427877, w: -0.00000012480447}
  m_LocalPosition: {x: -55, y: -260, z: 5}
  m_LocalScale: {x: 180, y: 180, z: 180}
  m_Children: []
  m_Father: {fileID: 1222900185}
  m_RootOrder: 4
--- !u!114 &1803416214
MonoBehaviour:
  m_ObjectHideFlags: 0
  m_PrefabParentObject: {fileID: 11473084, guid: 6d9fe4376ad82ed448058eb86e35a80f,
    type: 2}
  m_PrefabInternal: {fileID: 0}
  m_GameObject: {fileID: 1803416212}
  m_Enabled: 1
  m_EditorHideFlags: 0
  m_Script: {fileID: 11500000, guid: b41c1533cadcc064698acbe75b9afed9, type: 3}
  m_Name: 
  m_EditorClassIdentifier: 
  m_pointArray:
  - {x: -210, y: -260, z: 5}
  - {x: -55, y: -260, z: 5}
  - {x: 95, y: -260, z: 5}
  - {x: 245, y: -260, z: 5}
  m_moveTime: 0.1
--- !u!23 &1803416215
MeshRenderer:
  m_ObjectHideFlags: 0
  m_PrefabParentObject: {fileID: 2323234, guid: 6d9fe4376ad82ed448058eb86e35a80f,
    type: 2}
  m_PrefabInternal: {fileID: 0}
  m_GameObject: {fileID: 1803416212}
  m_Enabled: 1
  m_CastShadows: 1
  m_ReceiveShadows: 1
  m_Materials:
  - {fileID: 2100000, guid: 9c51ce125fe7b1f4fa4c8eb47a82e76c, type: 2}
  m_SubsetIndices: 
  m_StaticBatchRoot: {fileID: 0}
  m_UseLightProbes: 1
  m_ReflectionProbeUsage: 1
  m_ProbeAnchor: {fileID: 0}
  m_ScaleInLightmap: 1
  m_PreserveUVs: 0
  m_IgnoreNormalsForChartDetection: 0
  m_ImportantGI: 0
  m_MinimumChartSize: 4
  m_AutoUVMaxDistance: 0.5
  m_AutoUVMaxAngle: 89
  m_LightmapParameters: {fileID: 0}
  m_SortingLayerID: 0
  m_SortingOrder: 0
--- !u!33 &1803416216
MeshFilter:
  m_ObjectHideFlags: 0
  m_PrefabParentObject: {fileID: 3310956, guid: 6d9fe4376ad82ed448058eb86e35a80f,
    type: 2}
  m_PrefabInternal: {fileID: 0}
  m_GameObject: {fileID: 1803416212}
  m_Mesh: {fileID: 4300000, guid: 50899f811d94a474ba75228e09de025a, type: 3}
--- !u!1 &1895059244
GameObject:
  m_ObjectHideFlags: 0
  m_PrefabParentObject: {fileID: 109926, guid: 6d9fe4376ad82ed448058eb86e35a80f, type: 2}
  m_PrefabInternal: {fileID: 0}
  serializedVersion: 4
  m_Component:
  - 4: {fileID: 1895059245}
  - 33: {fileID: 1895059247}
  - 23: {fileID: 1895059246}
  m_Layer: 0
  m_Name: SelectRoom_Manual
  m_TagString: Untagged
  m_Icon: {fileID: 0}
  m_NavMeshLayer: 0
  m_StaticEditorFlags: 0
  m_IsActive: 1
--- !u!4 &1895059245
Transform:
  m_ObjectHideFlags: 0
  m_PrefabParentObject: {fileID: 485004, guid: 6d9fe4376ad82ed448058eb86e35a80f, type: 2}
  m_PrefabInternal: {fileID: 0}
  m_GameObject: {fileID: 1895059244}
  m_LocalRotation: {x: -0.00000011520229, y: -0.70710695, z: -0.7071066, w: 0.00000011520235}
  m_LocalPosition: {x: 244.3, y: -270, z: 0}
  m_LocalScale: {x: 180, y: 180, z: 180}
  m_Children:
  - {fileID: 962061426}
  m_Father: {fileID: 1222900185}
  m_RootOrder: 3
--- !u!23 &1895059246
MeshRenderer:
  m_ObjectHideFlags: 0
  m_PrefabParentObject: {fileID: 2341714, guid: 6d9fe4376ad82ed448058eb86e35a80f,
    type: 2}
  m_PrefabInternal: {fileID: 0}
  m_GameObject: {fileID: 1895059244}
  m_Enabled: 1
  m_CastShadows: 1
  m_ReceiveShadows: 1
  m_Materials:
  - {fileID: 2100000, guid: a9261bf3ac4875343bcd31e75552e0cd, type: 2}
  - {fileID: 2100000, guid: 40c009b7ae7e48249815adc0d2037fa1, type: 2}
  m_SubsetIndices: 
  m_StaticBatchRoot: {fileID: 0}
  m_UseLightProbes: 1
  m_ReflectionProbeUsage: 1
  m_ProbeAnchor: {fileID: 0}
  m_ScaleInLightmap: 1
  m_PreserveUVs: 0
  m_IgnoreNormalsForChartDetection: 0
  m_ImportantGI: 0
  m_MinimumChartSize: 4
  m_AutoUVMaxDistance: 0.5
  m_AutoUVMaxAngle: 89
  m_LightmapParameters: {fileID: 0}
  m_SortingLayerID: 0
  m_SortingOrder: 0
--- !u!33 &1895059247
MeshFilter:
  m_ObjectHideFlags: 0
  m_PrefabParentObject: {fileID: 3377342, guid: 6d9fe4376ad82ed448058eb86e35a80f,
    type: 2}
  m_PrefabInternal: {fileID: 0}
  m_GameObject: {fileID: 1895059244}
  m_Mesh: {fileID: 4300000, guid: bf58fec8f6df2fd419709cf7852d2654, type: 3}
--- !u!1 &1962630610
GameObject:
  m_ObjectHideFlags: 0
  m_PrefabParentObject: {fileID: 116208, guid: 6d9fe4376ad82ed448058eb86e35a80f, type: 2}
  m_PrefabInternal: {fileID: 0}
  serializedVersion: 4
  m_Component:
  - 4: {fileID: 1962630611}
  - 33: {fileID: 1962630613}
  - 23: {fileID: 1962630612}
  m_Layer: 0
  m_Name: RightDoor
  m_TagString: Untagged
  m_Icon: {fileID: 0}
  m_NavMeshLayer: 0
  m_StaticEditorFlags: 0
  m_IsActive: 1
--- !u!4 &1962630611
Transform:
  m_ObjectHideFlags: 0
  m_PrefabParentObject: {fileID: 412780, guid: 6d9fe4376ad82ed448058eb86e35a80f, type: 2}
  m_PrefabInternal: {fileID: 0}
  m_GameObject: {fileID: 1962630610}
  m_LocalRotation: {x: 0, y: 1, z: 0, w: -0.00000016292068}
  m_LocalPosition: {x: 0.7, y: 0, z: 0}
  m_LocalScale: {x: -2.5, y: 4.1, z: 4}
  m_Children: []
  m_Father: {fileID: 661411451}
  m_RootOrder: 0
--- !u!23 &1962630612
MeshRenderer:
  m_ObjectHideFlags: 0
  m_PrefabParentObject: {fileID: 2353992, guid: 6d9fe4376ad82ed448058eb86e35a80f,
    type: 2}
  m_PrefabInternal: {fileID: 0}
  m_GameObject: {fileID: 1962630610}
  m_Enabled: 1
  m_CastShadows: 1
  m_ReceiveShadows: 1
  m_Materials:
  - {fileID: 2100000, guid: 3871eeb0544393145a86c63d9e79b695, type: 2}
  m_SubsetIndices: 
  m_StaticBatchRoot: {fileID: 0}
  m_UseLightProbes: 1
  m_ReflectionProbeUsage: 1
  m_ProbeAnchor: {fileID: 0}
  m_ScaleInLightmap: 1
  m_PreserveUVs: 0
  m_IgnoreNormalsForChartDetection: 0
  m_ImportantGI: 0
  m_MinimumChartSize: 4
  m_AutoUVMaxDistance: 0.5
  m_AutoUVMaxAngle: 89
  m_LightmapParameters: {fileID: 0}
  m_SortingLayerID: 0
  m_SortingOrder: 0
--- !u!33 &1962630613
MeshFilter:
  m_ObjectHideFlags: 0
  m_PrefabParentObject: {fileID: 3353116, guid: 6d9fe4376ad82ed448058eb86e35a80f,
    type: 2}
  m_PrefabInternal: {fileID: 0}
  m_GameObject: {fileID: 1962630610}
  m_Mesh: {fileID: 4300000, guid: ef9abf79e9a18a44583d21d258953f7b, type: 3}
--- !u!1 &2063252234
GameObject:
  m_ObjectHideFlags: 0
  m_PrefabParentObject: {fileID: 186342, guid: 6d9fe4376ad82ed448058eb86e35a80f, type: 2}
  m_PrefabInternal: {fileID: 0}
  serializedVersion: 4
  m_Component:
  - 4: {fileID: 2063252235}
  m_Layer: 0
  m_Name: SelectRoom
  m_TagString: Untagged
  m_Icon: {fileID: 0}
  m_NavMeshLayer: 0
  m_StaticEditorFlags: 0
  m_IsActive: 1
--- !u!4 &2063252235
Transform:
  m_ObjectHideFlags: 0
  m_PrefabParentObject: {fileID: 447076, guid: 6d9fe4376ad82ed448058eb86e35a80f, type: 2}
  m_PrefabInternal: {fileID: 0}
  m_GameObject: {fileID: 2063252234}
  m_LocalRotation: {x: 0, y: 0, z: 0, w: 1}
  m_LocalPosition: {x: 0, y: 0, z: 0}
  m_LocalScale: {x: 1, y: 1, z: 1}
  m_Children:
  - {fileID: 1245490681}
  - {fileID: 1222900185}
  m_Father: {fileID: 0}
  m_RootOrder: 3
